2774 4434
604 278 812 340 ..23-

172 481 252 559 apud
278 482 468 543 Herodotum
501 484 672 546 referuntur
694 494 723 544 et
745 485 823 546 iuter
844 505 890 558 ea,
923 508 1001 566 quae
1033 485 1158 546 fabulae
1182 507 1256 564 pro-

171 601 257 680 piora
280 611 351 663 sunt
371 624 461 682 quam
482 596 633 679 historiae,
655 615 690 668 ut
711 625 765 666 suo
787 605 852 666 iure
869 605 973 668 Cicero
989 607 1115 668 iudicet:
1142 607 1253 684 ,Apud

173 722 373 798 Herodotum,
390 735 506 804 patrem
521 725 672 798 historiae,
690 725 925 786 innumerabiles
941 727 1074 790 t'abulae‘
1090 727 1207 806 (leggd
1220 726 1255 810 1)

172 851 202 903 et
213 841 345 904 Gellius:
369 845 564 920 ,Herodotus
585 847 674 908 homo
688 846 888 923 fabulator‘l).
932 847 997 908 Nec
1011 848 1108 909 solum
1124 847 1256 909 fabulae

171 972 201 1023 et
222 983 268 1024 res
292 963 438 1026 obscurae
459 973 491 1026 et
513 966 551 1026 ad
574 987 685 1030 numen
706 968 842 1029 divinum
860 969 1103 1030 accommodatae
1118 968 1250 1028 offerun-

171 1093 229 1154 tur,
266 1106 369 1146 verum
402 1085 492 1146 etiarn
527 1087 633 1163 multa,
672 1109 750 1167 quae
771 1088 849 1150 inter
872 1109 904 1150 se
925 1097 1105 1168 repugnant,
1142 1089 1252 1157 multa,

171 1204 328 1284 imprimis.
341 1206 378 1268 da
400 1207 491 1268 rebus
515 1209 548 1268 in
572 1207 699 1268 Boeotia
720 1207 821 1286 gestis,
856 1210 973 1270 minora
994 1208 1078 1270 dictu
1100 1209 1252 1282 habenda,

172 1343 248 1385 cum'
274 1327 416 1404 graviora
451 1329 573 1391 omnino
600 1349 661 1390 non
692 1328 868 1403 referantur,
907 1349 993 1408 quae,
1027 1329 1052 1390 si
1074 1325 1252 1390 Herodotus

173 1444 401 1508 Lacedaemone
436 1457 490 1509 aut
519 1448 641 1510 aliunde
667 1457 778 1510 certam
802 1449 955 1528 quandam
978 1450 1093 1528 accepit
1114 1449 1252 1510 traditio·

176 1588 253 1644 nem,
278 1570 515 1648 praetermittere
537 1591 598 1632 non
620 1571 726 1650 potuit.
772 1571 822 1630 Ex
837 1571 1023 1650 singulorum
1041 1572 1133 1651 igitur
1148 1594 1253 1633 narra-

171 1689 325 1766 tionibus,
363 1693 464 1752 minus
494 1713 532 1752 ex
564 1691 695 1772 publicis
726 1692 941 1753 traditionibus
977 1693 1120 1773 originem
1155 1695 1252 1762 ducit,

172 1812 251 1889 quod
282 1812 468 1886 Herodotus,
506 1812 566 1873 nisi
600 1833 637 1872 ex
675 1811 770 1890 ipsius
804 1813 1057 1892 contemplatione
1089 1815 1252 1886 enarravit,

171 1933 295 1996 aliunde
319 1935 443 1996 rettulit.

273 2057 381 2135 Itaque
406 2063 449 2116 ·ut
471 2055 662 2134 quaestiones
684 2062 804 2118 nostras
836 2055 874 2116 de
895 2056 1120 2132 compositionis
1143 2079 1250 2137 genere

172 2177 302 2255 partium
327 2175 516 2254 quarundam
542 2173 692 2234 Herodoti
715 2175 909 2236 historiarum
933 2177 971 2238 ad
996 2179 1084 2238 finem
1105 2179 1252 2258 perduca-

174 2319 250 2372 mus,
274 2297 367 2371 brevi,
390 2296 414 2357 si
437 2295 548 2377 placet,
572 2295 860 2374 comprehendamus
883 2307 913 2358 et
931 2318 975 2371 ea,
999 2319 1077 2377 quae
1093 2297 1161 2358 aliis
1180 2320 1250 2360 con-

171 2419 236 2480 cedi
258 2439 346 2499 posse
368 2416 551 2478 arbitramur
575 2425 605 2477 et
626 2437 671 2492 ea,
695 2417 864 2498 dequibus
888 2418 975 2478 aliter
997 2418 1151 2480 sentimus.

274 2539 483 2611 Concedimus
520 2537 710 2598 Herodotum
736 2537 865 2598 Athenis
897 2539 1031 2618 gentium
1059 2537 1248 2617 quarundam

177 2657 400 2734 traditionibus,
435 2656 581 2736 imprimis
612 2657 710 2736 gentis
734 2629 942 2718 Philaidarum
970 2666 1000 2718 ct
1026 2656 1247 2718 Alcmaeonida

171 2801 236 2841 rum
261 2779 424 2840 annalibus
447 2798 535 2838 usum
558 2776 669 2849 fuissc;
692 2798 771 2858 quae
792 2787 892 2858 partes
912 2779 1105 2840 historiarum
1122 2778 1160 2840 ad
1177 2777 1247 2838 illas

171 2898 347 2960 traditiones
369 2894 505 2974 redeant,
541 2898 668 2958 Nitzsch
700 2920 728 2979 p.
754 2898 814 2958 243
849 2899 961 2978 optime
989 2899 1137 2978 exposuit.
1183 2897 1250 2959 Nec
1343 2912 1347 2920 ’

170 3022 270 3080 minus
287 3019 595 3080 Lacedaemoniorum
615 3019 831 3080 traditionibus
854 3020 902 3081 vel
925 3019 1151 3080 narrationibus
1174 3038 1247 3079 usus

170 3151 216 3202 est
239 3141 374 3220 scriptor,
408 3138 489 3220 quod
519 3138 612 3218 plane
643 3147 770 3217 apparet
790 3157 827 3198 ex
850 3141 892 3200 eis
915 3140 998 3212 locis,
1021 3139 1131 3220 quibus
1153 3139 1249 3200 Lace.

170 3261 395 3326 daemoniorum
434 3258 530 3322 virtus
567 3257 660 3320 libere
697 3268 727 3320 et
759 3269 861 3338 aperte
892 3261 1113 3339 comprobatur.
1150 3259 1246 3336 Quos

172 3382 253 3443 locos
277 3381 402 3442 Nitzsch
426 3402 455 3461 p.
478 3378 541 3438 254
576 3379 732 3458 perspicue
754 3380 980 3444 demonstravit.
1024 3381 1144 3442 Causae
1176 3400 1251 3458 quo·

170 3523 236 3582 que,
259 3500 369 3580 quibus
384 3497 582 3562 Athenienses
605 3508 634 3559 et
657 3499 891 3561 Lacedaemonii
915 3521 994 3561 auno
1018 3501 1081 3562 479
1105 3501 1133 3560 in
1159 3500 1249 3564 bellis

169 3622 306 3702 gerendis
327 3622 453 3702 permoti
475 3629 555 3698 sunt,
577 3630 612 3682 ut
634 3621 690 3681 hoc
712 3621 828 3682 illudve
851 3631 1045 3700 sequerentur
1076 3621 1247 3696 consilium,

170 3741 425 3754 ,j-.—..—..-—--o

272 3796 296 3875 1)
320 3795 358 3856 of.
388 3795 479 3855 etiam
503 3794 603 3856 Strab.
628 3795 643 3853 I
664 3791 721 3853 43:
747 3782 942 3870 Θεόπομπος
975 3779 1077 3871 φήσας
1108 3780 1159 3850 ὅτι
1191 3789 1246 3849 καὶ

166 3873 294 3960 μύθους
317 3877 351 3938 ὲν
384 3889 454 3952 ταῖς
476 3875 630 3957 ἱστορίαις
651 3874 723 3957 ἐρεῖ,
754 3867 800 3950 ὡς
826 3869 1002 3959 Ἡρόδοτος
1025 3877 1077 3940 καὶ
1104 3871 1247 3960 Κτησίας

169 3965 222 4030 καὶ
246 3959 275 4026 ol
298 3959 338 4026 τὰ
360 3957 474 4029 Ἰνδικὰ
494 3961 686 4048 γράψαντες,
