2774 4434
569 281 783 342 -19-

139 487 252 548 Asiam
276 496 306 548 et
327 487 483 570 Europam
507 489 694 569 anquireret,
726 487 883 548 historiam
907 487 1109 549 universalem
1140 507 1219 548 com-

138 631 251 691 ponere
275 609 358 670 haud
381 609 473 671 dubie
495 611 597 671 animo
619 611 758 671 intendit.
804 609 898 670 Cuius
919 607 1062 671 historiae
1077 630 1219 689 magnam

137 729 188 790 vel
211 729 379 805 maximam
400 739 518 808 partem
542 751 663 812 pugnae
678 731 864 792 Graecorum
888 739 993 790 contra
1014 730 1124 790 Persas
1146 750 1220 810 pug-

137 858 230 910 natae
253 859 408 928 occupant
438 871 534 931 neque
553 871 624 913 vero
647 850 789 911 ultimum
817 849 847 908 in
871 848 998 910 historia
1018 849 1074 910 illa
1103 849 1220 912 univer-

138 971 198 1032 sali
215 971 316 1032 locum
331 970 477 1033 obtinent.
516 973 656 1048 Quarum
671 971 893 1032 dissensionum
908 970 998 1032 initia
1009 971 1041 1031 in
1058 971 1221 1033 rebellione

138 1091 254 1153 Jonum
278 1091 379 1170 posita
410 1113 478 1152 oum
502 1113 518 1152 e
542 1092 626 1153 nullo
650 1092 710 1152 alio
732 1092 816 1152 fonte
839 1091 947 1154 melius
977 1100 1078 1172 petere
1109 1101 1220 1172 posset,

137 1234 266 1293 quame
289 1213 515 1274 narrationibus
544 1214 678 1293 ipsorum
692 1213 807 1276 Jonum
829 1213 1021 1293 maximeque
1037 1214 1221 1292 Samiorum,

139 1334 225 1396 Sami
264 1333 457 1394 Herodotum
489 1334 577 1394 initia
610 1334 757 1395 bellorum
795 1343 901 1396 contra
930 1335 1039 1396 Persas
1070 1344 1221 1414 gestorum

140 1455 339 1535 descripsisse
367 1454 530 1516 verisimile
560 1464 613 1516 est.
666 1454 832 1525 Confirmat
862 1475 981 1534 quoque
1011 1455 1122 1516 Suidas
1145 1477 1169 1517 s.
1189 1478 1222 1519 v.

139 1573 218 1656 ‘Ho.,
252 1577 445 1640 Herodotum
471 1578 555 1640 Sami
586 1577 742 1639 historiam
777 1597 863 1638 suam
894 1577 1111 1657 composuisse,
1141 1580 1221 1659 quod
1314 1563 1317 1567 λ

142 1721 213 1762 cum
237 1709 383 1781 repugnet
403 1701 460 1773 eis,
493 1720 571 1778 quae
592 1699 711 1760 Plinius
725 1696 749 1780 ¹)
784 1698 822 1760 de
854 1720 942 1778 opere
965 1701 1118 1781 scriptoris
1140 1701 1222 1762 Thu-

145 1821 197 1881 riis
235 1819 402 1900 composito
436 1819 546 1892 refert,
587 1840 683 1898 neque
715 1828 823 1900 putare
854 1819 1023 1898 possimus,
1062 1829 1223 1900 utrumque

143 1943 328 2022 scriptorem,
351 1961 429 2022 quae
444 1942 621 2012 narraverit,
637 1940 695 2001 sibi
710 1941 834 2001 finxisse
848 1941 880 2016 ²),
903 1941 1003 2015 immo,
1029 1963 1107 2022 quae
1129 1952 1223 2004 rettu·
1240 1997 1244 2004 .

142 2061 226 2135 lerit,
260 2061 362 2141 aliquo
395 2061 484 2120 modo
503 2059 644 2139 coniungi
669 2081 757 2141 posse
786 2059 964 2142 videantur,
992 2060 1076 2123 Sami
1105 2071 1222 2141 partem

142 2182 230 2241 illam
256 2181 459 2254 historiarum,
483 2201 562 2260 quae
584 2190 630 2240 est
652 2178 688 2240 de
705 2178 868 2239 rebellione
883 2179 998 2241 Jonum
1014 2178 1223 2260 bellorumque

141 2305 305 2366 Persarum
330 2314 420 2382 atque
434 2301 619 2364 Graecorum
644 2301 748 2375 initiis,
772 2300 968 2380 compositam
989 2322 1054 2363 esse
1070 2324 1124 2381 pro
1145 2313 1225 2364 certo

142 2424 257 2484 habere
278 2443 336 2482 non
358 2422 543 2482 dubitamus.
589 2421 648 2482 Sed
671 2441 732 2480 non
756 2421 854 2481 solum
888 2420 958 2494 illa,
993 2442 1097 2482 verum
1132 2423 1225 2485 ctiam

143 2545 208 2605 alia
237 2543 321 2604 Sami
345 2543 517 2623 conscripta
549 2562 613 2602 esse
645 2563 682 2601 ex
713 2541 864 2603 Herodoti
896 2542 1121 2603 narrationibus
1151 2543 1225 2622 ipsis

144 2674 281 2746 apparet.
326 2665 445 2726 Samios
482 2664 514 2723 in
537 2662 676 2743 partibus
704 2661 888 2742 quibusdam
901 2660 926 2743 ³)
957 2663 1055 2743 operis
1079 2664 1226 2744 imprimis

145 2790 176 2848 in
207 2787 273 2848 luce
294 2787 410 2858 versari
433 2784 553 2847 Schocll
577 2781 698 2864 (Philol.
721 2785 754 2844 X
780 2806 811 2863 p.
834 2783 887 2860 31)
918 2793 948 2844 et
971 2784 1055 2846 Stein
1085 2785 1128 2861 (in
1159 2808 1227 2867 prc-

147 2909 244 2970 oemio
265 2907 414 2980 editionis,
435 2927 464 2987 p.
485 2906 518 2966 X
541 2926 610 2966 ann.
628 2901 662 2986 2)
686 2905 977 2967 demonstraverunt.
1023 2905 1112 2981 Quae
1126 2917 1227 2986 partes

144 3005 216 3090 illas
236 3028 422 3110 praecedunt
433 3024 474 3109 ⁴²),
497 3027 536 3087 ad
559 3026 868 3088 Lacedaemoniorum
897 3048 943 3088 res
966 3028 1123 3108 pertinent,
1147 3030 1226 3090 unde'

143 3152 297 3216 Schoellio
327 3150 449 3212 concedi
480 3169 569 3229 posse
598 3158 689 3229 puto,
728 3149 919 3211 Herodotum
953 3150 1045 3212 Samo
1075 3151 1227 3214 Lacedae-

145 3297 266 3337 monem
290 3273 447 3354 petivissc,
470 3280 505 3332 ut
526 3291 628 3332 carum
652 3291 760 3344 rerum,
784 3291 861 3350 quas
884 3271 1051 3334 describere
1073 3273 1103 3333 in
1126 3275 1229 3335 animo

148 3397 177 3458 ci
192 3404 265 3469 erat,
282 3394 440 3457 scientiam
455 3391 575 3472 penitus
587 3391 753 3471 perciperet
768 3400 799 3452 et
813 3391 1087 3472 comprehenderet.
1125 3394 1229 3474 Atque

251 3687 262 3726 1

253 3684 279 3872 ll
299 3683 566 3853 I(-lIonNra}brIdctur
574 3785 774 3860 Kirchholfio,
798 3786 891 3848 Entst
878 3785 1066 3864 tehungszeit
1086 3795 1142 3849 eto
1157 3809 1185 3868 p.
1198 3789 1228 3851 2.

255 3893 280 3976 3)
303 3894 387 3955 VIII
404 3893 453 3955 83
473 3893 521 3952 IX
534 3891 584 3965 90
609 3890 734 3965 91,919,
760 3888 830 3960 103,
857 3889 926 3951 106.

250 3995 537 4080 ⁴)VIV11204-10
539 3996 678 4068 .ΙΧ33,
704 3995 752 4054 71.
779 3993 827 4056 83

997 4096 1041 4154 2*
