2774 4434
566 269 778 332 „15-

126 487 290 547 Persarum
313 481 432 561 imperii
455 481 598 541 ditionem
628 481 761 552 redacta,
795 479 945 540 Herodoti
974 487 1075 540 autem
1098 488 1210 560 tempo·

131 607 217 668 ribus
240 601 389 683 tyrannis,
409 601 493 661 cuius
509 599 668 680 imperium
690 599 815 662 tenebat
829 599 1007 680 Lygdamis,
1030 601 1213 661 Artemisiae

129 725 254 806 reginae
285 722 370 783 illius
404 720 653 783 bellicosissimae
686 741 790 800 nepos.
835 721 892 783 Cui
915 720 1049 782 eiciendo
1073 721 1212 782 Herodo-

131 857 202 909 tum
225 863 346 924 operam
370 862 501 903 navasse
532 841 625 902 refert
648 840 758 902 Suidas
782 863 804 902 s.
825 863 852 903 v.
875 829 1052 919 Ἡρόδοτος
1074 841 1212 902 Samum·

129 988 188 1048 que
210 965 356 1043 migrasse
386 962 425 1054 ob
448 961 649 1042 Lygdamidis
682 963 883 1042 tyrannidem.
934 962 1107 1042 Quodque
1132 984 1211 1024 anno

129 1089 170 1149 sit
198 1086 324 1158 factum,
365 1084 453 1144 certis
487 1083 665 1145 testimoniis
700 1083 870 1144 confirmari
902 1104 962 1144 non
995 1092 1110 1163 potest3
1154 1083 1211 1144 hoc

130 1228 227 1268 unum
250 1215 363 1266 certum
388 1205 515 1278 videtur,
547 1205 738 1266 Herodotum
760 1204 862 1284 patria
884 1203 991 1266 relicta
1014 1205 1140 1266 Samum
1162 1225 1211 1285 pe-

129 1327 237 1389 tivisse
260 1324 360 1415 ibique
381 1324 488 1386 litteris
521 1346 643 1404 operam
671 1345 809 1387 navasse.
854 1323 931 1386 Cum
955 1324 1211 1386 Halicarnassum

132 1467 214 1509 anno
237 1446 300 1506 454
321 1445 475 1507 societatis
504 1445 588 1506 illius
622 1445 743 1506 navalis
767 1445 999 1506 Atheniensium
1033 1447 1211 1526 participem

98 1641 104 1646 ¹
128 1589 194 1630 esse
217 1566 399 1629 tributorum
420 1565 545 1628 tabulae
564 1561 779 1652 confirmentl),
803 1587 882 1627 anno
904 1566 968 1628 fere
990 1565 1054 1628 460
1077 1568 1211 1647 tyranni·

129 1690 175 1750 dis
199 1689 281 1750 illius
314 1688 514 1768 Lygdamidis
548 1687 637 1748 finem
660 1688 775 1750 factum
808 1709 873 1749 esse
904 1697 995 1767 atque
1020 1688 1211 1750 Herodotum

131 1810 160 1869 in
186 1810 316 1889 patriam
340 1808 500 1871 revertisse
522 1809 684 1870 verisimile
707 1818 761 1870 est.
805 1809 877 1886 Qua
907 1809 938 1868 in
968 1818 1145 1889 perpetuum
1169 1831 1212 1870 re·
1257 1820 1258 1824 ’

129 1931 216 2004 licta,
240 1951 306 1990 cum
330 1951 363 1991 se
378 1929 496 1991 civibus
517 1929 648 1992 invisum
673 1949 739 1990 esse
754 1929 952 1991 intellexisset
968 1919 1212 2010 (φθονούμενος

130 2038 198 2110 ὑπὸ
221 2049 369 2110 πολιτῶν
390 2048 498 2129 suist,
520 2051 629 2112 itinera
651 2071 705 2130 per
727 2050 895 2124 Medorum,
915 2051 1121 2132 Assyriorum,
1143 2053 1212 2113 Per·

133 2191 233 2231 sarum
254 2171 327 2234 fines
350 2173 503 2252 ingressus
527 2180 573 2232 est
598 2181 628 2234 et
653 2172 774 2252 quidem
809 2181 879 2253 post
906 2194 1020 2234 annum
1041 2172 1114 2247 455,
1152 2194 1212 2252 quo

130 2289 217 2352 Inari
252 2289 439 2367 seditionem,
471 2291 556 2352 cuius
583 2292 695 2354 mentio
721 2292 755 2352 fit
777 2292 828 2353 ΙΙΙ
853 2292 902 2366 12,
944 2313 1118 2373 oppressam
1148 2314 1213 2355 esse

131 2419 261 2482 constat,
282 2412 314 2470 iu
339 2411 479 2493 Aegypto
502 2422 649 2488 versatus,
681 2433 776 2492 usque
800 2412 838 2472 ad
860 2433 973 2473 annum
997 2412 1060 2472 445
1082 2414 1211 2492 peregri-

131 2539 224 2592 natus
247 2529 350 2590 eodem
373 2531 433 2594 fere
456 2540 588 2612 tempore
610 2529 650 2612 (a.
669 2530 732 2591 445
754 2552 776 2592 s.
797 2528 874 2613 444)
892 2531 1022 2594 Athenis
1035 2530 1210 2614 recitavin).

131 2649 208 2710 Inde
238 2671 306 2711 eum
330 2649 468 2726 Thurios,
504 2673 564 2732 quc
593 2661 658 2713 tum
691 2651 891 2714 Athenienses
914 2653 1062 2713 coloniam
1086 2653 1211 2715 deduce-

132 2769 217 2846 bant,
243 2771 323 2833 ultro
346 2773 470 2833 cessisse
492 2774 573 2853 apud
596 2773 720 2834 Suidam
743 2772 883 2852 legimus,
915 2773 996 2853 quod
1019 2774 1213 2835 confirmatur

129 2890 289 2953 Strabonis
311 2901 342 2954 et
356 2882 515 2953 Plutarchi
537 2890 753 2970 testimoniisi)
796 2894 870 2953 Post
893 2913 1006 2954 annum
1029 2893 1093 2955 432
1118 2896 1213 2957 Athe-

130 3032 187 3073 nas
210 3033 277 3073 eum
301 3013 459 3076 revertisse
481 3035 519 3074 ex
541 3009 621 3074 li.V
643 3036 667 3076 ο.
694 3015 733 3074 77
757 3013 821 3075 iure
843 3014 984 3096 colligere
1009 3017 1088 3078 licet.
1127 3017 1210 3094 Quo-

130 3154 226 3213 usque
260 3133 302 3194 ibi
317 3159 319 3164 ’
337 3145 539 3196 commoratus
572 3157 670 3217 quove
704 3146 837 3216 tempore
871 3144 1008 3198 mortuus
1038 3138 1095 3212 sit,
1133 3147 1211 3199 certo

131 3255 236 3335 nequit
281 3256 442 3330 affirmari;
481 3278 540 3318 non
575 3280 639 3320 esse
674 3278 727 3320 our
761 3257 844 3318 ultra
881 3257 930 3318 Ol.
964 3257 1019 3333 88,
1055 3258 1075 3318 2
1110 3285 1149 3310 =
1185 3281 1212 3322 a.

130 3374 200 3436 Chr.
235 3375 296 3436 427
325 3400 392 3440 eum
428 3379 542 3442 vixisse
572 3380 788 3456 existimemus
818 3380 878 3441 Ad.
903 3379 1023 3442 Schoell
1056 3402 1212 3460 argumen-

182 3651 200 3710 η
237 3563 259 3639 1)
279 3569 318 3630 cf.
343 3571 487 3651 Sauppe
520 3569 551 3629 in
578 3569 758 3648 „Gottinger
779 3569 911 3648 gelehrte
930 3567 1103 3650 Anaeigen“
1130 3569 1210 3632 1863

128 3673 156 3731 p·
180 3651 371 3812 ι0328944514.
397 3741 435 3802 de
469 3742 595 3820 malign.
624 3741 698 3802 Her.
727 3761 753 3802 c.
776 3740 818 3804 26
846 3763 875 3823 p.
899 3741 960 3803 862
977 3743 1014 3802 Β.
1059 3742 1211 3804 Eusebius

128 3825 301 3888 (thronicon
324 3850 352 3908 p.
379 3827 441 3888 169
464 3832 501 3890 ad
525 3828 572 3888 01.
597 3828 684 3901 83,4
706 3824 842 3911 (445s4).

235 3911 261 3994 3)
285 3913 385 3976 Strab.
409 3914 493 3976 XIV
516 3935 546 3994 p.
563 3914 626 3974 970
640 3917 677 3977 A.
715 3915 795 3976 Plut.
814 3917 851 3976 de
871 3915 955 3979 exsil.
972 3916 1021 3976 13.
1057 3915 1209 3986 ctetica

130 3993 232 4060 Schol.
257 4001 297 4060 ad
322 4000 479 4084 Aristoph.
501 3999 585 4062 Nub.
608 4000 680 4065 331.
