2774 4434
578 288 792 350 „13-

145 496 193 558 IV
217 496 236 556 b
260 516 324 576 sqq.
359 494 536 557 traditiones
571 497 608 556 de
640 517 748 575 genere
778 505 869 576 atque
898 496 1012 575 origine
1035 495 1226 576 Scytharum,

143 638 274 698 quarum
288 617 484 697 proferuntur
503 626 648 698 quattuor
669 619 705 695 (c.
722 617 817 700 5-7,
841 617 1019 679 traditiones
1035 619 1226 698 Scytharum,

144 761 168 800 o.
204 736 340 814 8-10,
375 737 560 799 Graecorum
594 739 632 800 ad
664 741 797 801 Pontum
824 738 979 800 Euxinum
1012 739 1225 810 habitantium,

149 881 174 922 c.
190 859 325 934 11-13,
349 859 461 939 quain
486 861 648 921 traditione
669 860 827 922 referenda
847 860 974 921 Graecis
997 861 1139 922 convenit
1157 882 1225 922 cum

147 980 293 1054 barbaris,
328 1003 353 1042 c.
379 979 513 1054 rsa-15,
542 981 719 1042 Issedonum
756 981 887 1055 traditio,
926 981 1011 1042 cuius
1048 989 1094 1042 est
1121 990 1226 1042 auctor

147 1103 287 1164 Aristeas
310 1101 552 1177 Proconnesius.)
596 1102 701 1163 Huius
738 1103 853 1182 generis
893 1100 961 1163 aliis
997 1123 1117 1182 quoque
1150 1102 1224 1163 locis

144 1223 298 1304 quaedam
322 1222 498 1295 referuntur,
523 1223 574 1284 sed
598 1221 722 1302 longum
745 1232 791 1284 est
813 1223 915 1284 omnia
934 1243 1125 1296 enumerare;
1152 1243 1224 1283 non·

143 1343 299 1404 nullorum
336 1343 516 1406 mentionem
549 1343 621 1404 fecit
649 1345 733 1406 Stein
761 1345 791 1404 in
816 1345 968 1424 prooemio
990 1345 1130 1412 editionis
1152 1365 1225 1405 suae

143 1487 172 1546 p.
195 1463 313 1526 XXIV
336 1473 439 1525 annot.
464 1466 490 1526 1.
712 1547 716 1555 Ι

247 1587 283 1646 In
308 1585 370 1645 illis
397 1574 523 1665 λόγοις(
548 1593 630 1646 certa
651 1584 800 1665 quaedam
823 1584 980 1646 hominum
1002 1605 1053 1646 ore
1074 1585 1123 1647 vel
1139 1586 1223 1646 fama

142 1707 255 1767 tradita
276 1726 390 1786 perque
407 1726 503 1766 annos
525 1707 557 1766 in
579 1706 739 1767 firmiorem
756 1707 939 1768 narrationis
956 1707 1085 1767 formam
1100 1705 1223 1766 redacta

143 1847 321 1906 cognoscere
343 1828 423 1889 iicet.
469 1827 528 1888 Sed
546 1847 607 1887 non
625 1835 705 1888 recte
724 1826 942 1903 existimamus,
966 1829 992 1889 si
1014 1817 1222 1907 idyovciilos

144 1944 357 2028 Αἰγυπτίους,
392 1937 565 2022 Λιβυκούς,
589 1948 665 2010 alios
694 1949 797 2010 eodem
818 1951 907 2011 modo
928 1950 1139 2029 intellegimus
1162 1969 1221 2028 quo
1309 1914 1313 1922 Ι

142 2087 201 2141 eos,
226 2067 395 2149 dequibus
429 2068 519 2128 modo
548 2069 696 2142 diximus;
734 2080 806 2132 sunt
837 2071 916 2131 enim
939 2070 985 2130 illi
1008 2058 1099 2150 λόγοι
1120 2077 1221 2148 partes

143 2190 206 2252 sive
225 2189 296 2250 libri
317 2190 409 2252 totius
442 2191 541 2269 operis
574 2190 719 2264 historici,
748 2211 801 2271 per
834 2211 914 2271 quae
933 2190 1110 2253 Herodotus
1133 2189 1222 2261 illud,

140 2302 252 2371 πάντα
273 2303 334 2370 τὸν
356 2301 464 2390 λόγον,
485 2310 666 2373 distribuit·

247 2431 416 2492 Historiam
449 2453 548 2493 rerum
583 2454 651 2493 curn
673 2432 774 2493 Persis
808 2440 962 2510 gestarum
994 2429 1033 2489 ab
1062 2429 1220 2491 Herodoto

139 2552 244 2614 eodem
268 2552 356 2613 modo
384 2554 584 2633 conscriptam
618 2573 684 2615 esse
713 2561 805 2632 atque
835 2552 929 2612 libros
963 2550 1033 2611 illos
1065 2549 1102 2610 de
1129 2548 1218 2610 rebus

142 2675 307 2754 Lydorum,
332 2675 562 2756 Aegyptiorum,
587 2673 724 2747 aliorum,
751 2673 833 2753 quod
854 2671 981 2732 Nitzsch
1005 2692 1034 2750 p.
1059 2667 1121 2730 240
1140 2670 1220 2730 affir-

140 2803 213 2869 mat,
237 2795 360 2856 concedi
381 2817 469 2875 posse
492 2795 630 2856 arbitror.

239 2916 299 2977 Sed
335 2937 396 2977 non
436 2917 514 2977 idem
553 2916 649 2977 sentio
679 2913 717 2975 de
744 2913 873 2985 ratione,
897 2931 958 2992 qua
986 2911 1026 2973 N.
1058 2920 1217 2992 utramque

139 3035 331 3097 historiarum
357 3045 472 3118 partem
509 3036 706 3117 compositam
743 3055 807 3096 esse
840 3041 937 3114 putat.
982 3033 1115 3093 Probare
1137 3033 1217 3093 enim

138 3157 248 3231 studet,
284 3157 445 3238 plerosque
468 3157 562 3218 libros
585 3157 764 3237 posteriores
787 3155 824 3215 de
851 3153 942 3215 bellis
962 3153 1091 3214 Persicis
1114 3152 1217 3213 eodem

139 3279 227 3338 modo
253 3280 415 3340 consistere
437 3300 475 3340 ex
497 3279 624 3358 singulis
647 3275 830 3357 quibusdam
853 3275 956 3354 eisque
973 3275 1060 3334 certis
1084 3273 1218 3334 traditio·

139 3397 240 3472 nibus,
269 3421 329 3480 quo
350 3400 422 3462 libri
453 3401 490 3460 de
513 3399 601 3461 rebus
620 3397 786 3478 Lydorum,
819 3394 1049 3475 Aegyptiorum,
1079 3392 1216 3468 aliorum,

137 3541 172 3580 eo
196 3528 314 3580 tantum
334 3522 506 3584 discrimine
526 3520 714 3600 interposito,
737 3528 772 3579 ut
794 3517 921 3597 scriptor
944 3513 1079 3595 singulos
1101 3505 1218 3594 λόγους

137 3641 165 3702 in
189 3641 405 3722 posterioribus
428 3644 514 3705 libris
538 3662 598 3702 non
622 3649 684 3702 tam
706 3639 863 3720 perspicue
892 3636 1101 3707 adnotaverit,
1124 3656 1215 3715 quam

134 3763 164 3824 iu
189 3764 350 3844 prioribus.

239 3883 324 3962 Quid
348 3883 385 3944 de
409 3872 518 3962 λόγων
553 3899 665 3944 natura
699 3889 790 3960 atque
810 3899 917 3960 genere
943 3877 1118 3948 sentiamus,
1155 3875 1214 3936 iam

134 4024 229 4086 supra
252 4003 464 4086 exposuimus;
497 4002 555 4062 hoc
585 4023 678 4063 unum
702 4011 835 4082 repetere
864 3999 963 4074 liceat,
993 4019 1048 4058 nos
1080 3995 1214 4076 singulas
