2774 4434
582 294 796 354 ...11-

142 525 173 565 se
195 503 378 564 mentionem
400 502 553 563 facturum
584 502 712 581 scriptor
743 501 910 583 pollicetur,
944 512 1054 564 certam
1088 504 1222 584 aliquam

141 625 333 688 traditionem
351 623 572 703 intellegamus,
594 632 636 696 ut,
660 623 684 683 si
699 643 758 683 non
779 633 891 684 certum
913 626 1063 704 quendam
1085 625 1236 712 libellum

141 748 179 810 de
204 745 399 826 Assyriorum
428 744 517 805 rebus
541 745 580 805 ab
602 766 636 806 eo
660 746 803 824 scriptum
828 754 960 807 statuere
983 747 1132 820 volumno,
1166 747 1223 808 hoo

140 879 241 930 tamen
265 868 427 929 concedere
449 867 622 940 debeamus),
658 889 725 929 eum
759 876 875 948 partem
898 870 1113 950 propriam'ao
1134 891 1221 950 pecu-

141 991 247 1050 liarem
269 990 465 1051 historiarum
483 989 513 1048 in
527 986 724 1070 Assyriorum
747 1011 794 1050 res
815 990 1028 1052 describendas
1052 992 1224 1072 impendere

142 1111 244 1172 animo
266 1110 440 1184 intendisse,
474 1119 570 1172 morte
597 1119 697 1172 autem
732 1119 927 1191 praematura
949 1111 980 1172 id
1003 1112 1102 1174 facere
1124 1113 1223 1194 probi·
1324 1105 1327 1110 ’

141 1233 240 1293 bitum
265 1251 339 1292 esse.

248 1353 358 1414 Omnes
383 1351 456 1414 illae
478 1359 588 1430 partes,
621 1372 697 1430 quas
721 1351 862 1432 diximus,
896 1352 999 1432 capita
1027 1362 1098 1414 sunt
1120 1374 1224 1414 narra-

143 1475 242 1551 tionis,
266 1495 321 1554 per
340 1494 419 1553 quae
439 1482 543 1534 auctor
562 1473 704 1534 historias
729 1493 800 1532 suas
819 1473 982 1548 distribuit,
1006 1474 1146 1536 historias
1170 1448 1225 1538 sci-

145 1597 216 1658 licet
252 1596 419 1676 Lydorum,
457 1596 686 1676 Aegyptiorum,
725 1594 862 1669 aliorum,
899 1618 976 1676 quae
1010 1618 1113 1658 omnes
1144 1597 1221 1658 idem

141 1717 248 1781 valent
270 1739 306 1778 ac
325 1717 396 1777 libri
420 1717 458 1778 de
482 1717 570 1778 rebus
591 1717 756 1798 Lydorum,
773 1718 968 1798 Libycorum,
993 1718 1224 1798 Aegyptiorum.

143 1840 193 1900 Ac
213 1859 246 1898 re
267 1858 338 1900 vera
360 1848 390 1899 et
414 1859 433 1898 a
456 1837 551 1899 Suida
586 1834 621 1918 (s.
645 1860 673 1900 v.
687 1825 878 1917 Ἡρόδοτος)
911 1847 941 1900 et
964 1860 982 1900 a
1005 1839 1114 1900 Photio
1138 1838 1224 1916 (bibl.

142 1960 209 2020 cod.
234 1957 275 2020 60
299 1960 343 2020 ed.
369 1959 491 2021 Bekker
512 1982 540 2040 p.
564 1958 618 2038 19)
639 1960 789 2022 Herodoti
811 1959 1004 2020 historiarum
1029 1960 1099 2021 libri
1121 1959 1224 2021 dicun-

141 2089 192 2142 tur
211 2068 390 2159 Ἡροδότου
415 2071 557 2158 ἱστορῶν
581 2069 673 2160 λόγοι
697 2078 739 2142 θ’.
789 2079 895 2161 Neque
921 2080 1030 2141 mirum
1062 2079 1151 2140 debet
1183 2079 1226 2140 vi·

142 2202 214 2274 deri,
241 2202 267 2261 si
290 2201 427 2274 dicimus,
457 2201 551 2262 libros
575 2200 644 2262 illos
668 2223 686 2262 a
708 2202 853 2282 scriptore
875 2202 1055 2264 constitutos
1079 2222 1146 2262 oum
1171 2200 1224 2273 eis,

141 2323 253 2403 quibus
275 2343 331 2383 nos
361 2323 393 2383 in
417 2343 506 2402 opere
532 2323 595 2384 cius
628 2323 754 2402 legendo
789 2324 911 2399 utimur,
950 2345 1011 2383 non
1048 2322 1225 2395 consentire,

143 2461 330 2522 quamquam
354 2443 522 2504 consentire
544 2442 693 2516 videntur,
728 2442 753 2502 si
774 2443 805 2502 V
825 2441 866 2503 36
900 2442 989 2522 primi
1019 2442 1089 2503 libri
1113 2445 1225 2504 mentio

141 2564 176 2624 fit
198 2561 348 2644 (πρῶτος
370 2561 436 2622 τῶν
463 2553 594 2644 λόγων).
639 2563 700 2626 Sed
723 2563 837 2644 primus
860 2563 912 2625 ille
934 2563 1021 2638 liber,
1045 2564 1096 2644 qui
1120 2574 1166 2626 est
1188 2564 1225 2625 de

141 2683 232 2746 rebus
256 2684 421 2765 Lydorum,
460 2685 520 2746 iam
549 2684 631 2745 194
664 2685 776 2761 finitur,
813 2706 872 2765 quo
907 2685 989 2746 facto
1028 2686 1126 2766 capite
1150 2686 1226 2746 inse-

142 2806 247 2886 quenti
284 2807 419 2868 narratio
457 2807 496 2867 ad
519 2806 632 2887 Cyrum
664 2807 781 2868 transit.
828 2807 879 2868 Ad
914 2828 1004 2887 quam
1040 2807 1225 2868 narrationis

142 2934 261 3006 partem
283 2924 391 3006 paullo
412 2925 493 2986 infra
518 2925 692 2986 redibimus.

246 3047 313 3106 Iam
349 3046 442 3107 alium
479 3047 629 3128 quendam
663 3046 762 3107 locum
792 3047 1024 3125 consideremus,
1061 3057 1095 3110 ut
1119 3069 1223 3110 verum

139 3189 213 3242 csse,
252 3169 333 3248 quod
370 3189 463 3249 supra
501 3169 643 3243 diximus,
683 3167 903 3249 intellegamus.
948 3169 1061 3230 V139
1097 3171 1225 3250 scriptor

141 3289 262 3350 caedem
296 3290 393 3370 patris
431 3290 575 3364 Cimonis,
614 3290 764 3370 quomodo
798 3298 921 3369 patrata
955 3291 1054 3362 fuerit,
1093 3291 1123 3350 in
1163 3291 1224 3352 alia

142 3410 335 3472 historiarum
372 3421 458 3492 parte
494 3433 524 3472 se
545 3412 752 3492 expositurum
788 3410 955 3490 pollicetur,
989 3413 1069 3492 quod
1103 3412 1137 3473 fit
1160 3433 1219 3472 non

139 3531 201 3591 alio
225 3531 312 3606 libro,
348 3533 400 3594 sed
423 3533 555 3594 eiusdem
589 3534 659 3595 libri
693 3533 792 3612 capite
815 3531 886 3594 103.
931 3522 1030 3613 Λόγοι
1053 3533 1146 3612 igitur
1170 3532 1224 3608 illi,

137 3653 308 3734 dequibus
332 3655 421 3715 modo
445 3654 677 3734 disputavimus,
704 3653 810 3714 eodem
835 3655 924 3715 modo
947 3675 1006 3714 non
1030 3654 1225 3716 consentiunt

140 3797 209 3836 cum
236 3776 322 3837 libris
347 3777 540 3838 bisuniarum
565 3775 723 3849 Herodoti,
748 3797 807 3855 quo
830 3776 958 3837 Homeri
980 3776 1148 3837 carminum
1172 3797 1223 3837 no·

137 3897 224 3970 tatio,
248 3919 340 3976 quam
366 3899 494 3978 scriptor
527 3906 749 3970 commemorat,
780 3918 848 3958 curn
872 3919 916 3971 ea,
939 3918 1000 3976 qua
1022 3919 1076 3957 uos
1101 3898 1224 3958 utimur.

139 4018 308 4105 Utriusque
339 4021 417 4080 euim
453 4020 622 4082 litterarum
664 4019 851 4080 mouumenti
882 4019 1023 4100 partiti0,
1056 4018 1155 4104 qualis
1187 4019 1224 4082 ad
