2774 4434
555 298 787 358 -23-.

117 503 266 582 quamdiu
288 512 422 564 moratus
435 504 544 565 itinera
559 505 712 584 ingressus
730 514 775 566 est
791 505 969 576 Herodotus
991 526 1043 585 per
1056 506 1200 582 Mediam,

120 623 297 703 Assyriam,
319 625 481 686 Persarum
510 627 583 687 fines
613 635 643 692 et
670 627 751 688 iutra
781 645 875 686 annos
903 625 966 686 fere
989 623 1053 685 450
1086 633 1116 686 et
1138 624 1200 685 445

118 743 259 804 Athenas
280 745 443 824 profectus,
463 768 541 826 quac
562 746 605 808 ibi
628 747 666 806 de
688 745 777 808 rebus
802 745 841 806 ab
863 745 1102 806 Atheniensibus
1116 765 1201 826 prae·

117 864 201 924 clare
224 865 316 943 gestis
340 865 560 940 narrabantur,¹
576 867 710 928 historiis
729 866 791 928 suis
817 864 1041 926 conscribendis
1064 863 1200 926 inseruit.

117 985 227 1064 Neque
249 984 379 1045 solnme
401 984 474 1046 belli
497 986 528 1045 in
547 986 674 1046 Boeotia
696 987 780 1065 gesti,
803 1007 906 1048 verum
930 985 1020 1047 etiam
1043 1006 1059 1046 e
1080 1007 1201 1065 pugnae

120 1104 336 1166 Marathoniae
358 1105 485 1166 historia
505 1105 637 1168 dilucide
652 1113 787 1185 apparet,
804 1107 978 1186 scriptorem
995 1106 1092 1186 magis
1108 1127 1200 1187 quam
1255 1113 1256 1118 ’

117 1224 196 1285 alios
236 1224 436 1288 Athenienses
471 1227 614 1288 miratum
653 1226 809 1288 occasione
843 1228 917 1289 data
948 1226 1092 1288 laudibus
1131 1226 1200 1287 illos

116 1353 240 1424 praeter
262 1354 375 1406 ceteros
404 1348 549 1410 extulisse
562 1347 596 1428 11.
650 1349 766 1408 Earum
787 1367 901 1421 rerum,
937 1368 1017 1427 quae
1039 1347 1201 1427 depugna

118 1465 202 1544 apud
237 1463 449 1527 Marathonem
485 1469 570 1532 facta
595 1479 775 1541 narrantur,
809 1467 960 1547 permulta
991 1488 1008 1528 e
1038 1466 1201 1529 traditione

116 1586 216 1664 gentis
256 1586 480 1662 Philaidarum‚
527 1590 612 1651 cuius
651 1599 717 1651 erat
753 1589 925 1662 Miltiades,
963 1587 1090 1668 repetita
1126 1607 1200 1660 esse,

116 1704 181 1765 alia
204 1726 242 1766 ex
276 1707 455 1784 annalibus,
487 1720 522 1770 ut
551 1709 595 1770 ita
626 1710 734 1784 dicam,
765 1708 1052 1770 Alcmaeonidarum
1078 1707 1202 1768 fluxisse

117 1827 274 1888 Nitzschio
296 1829 458 1890 concedere
480 1851 540 1891 non
563 1830 669 1892 dubito
704 1851 800 1910 neque
823 1829 879 1891 hoc
909 1829 975 1891 loco
1005 1829 1077 1890 certi
1103 1828 1200 1888 cuius·

117 1949 190 2009 dam
213 1949 427 2030 ampliorisque
438 1951 555 2032 generis
578 1951 727 2012 nonnulla
749 1973 768 2012 a
788 1951 939 2031 gentibue,
963 1946 1091 2030 quarum
1113 1950 1201 2010 fami·

119 2069 254 2130 liaritate
277 2091 350 2130 usus
382 2081 428 2132 est
460 2072 602 2151 scriptor,
637 2072 787 2132 nonnulla
821 2093 839 2132 a
873 2071 946 2132 viris
975 2070 1200 2147 illustrissimis,

118 2191 172 2270 qui
195 2201 260 2252 tum
283 2200 368 2252 erant
394 2192 532 2265 Athenis,
556 2192 715 2254 Herodoto
749 2193 864 2254 tradita
895 2193 989 2254 fnisse
1021 2213 1115 2272 nego;
1149 2192 1213 2252 sed·

116 2309 154 2373 e'a
188 2311 276 2374 certis
306 2313 394 2392 quasi
427 2313 564 2374 terminis
592 2314 758 2375 constituta
785 2313 867 2394 apud
894 2312 979 2373 illum
1016 2334 1053 2374 ex
1085 2312 1201 2392 reliqua

119 2455 218 2496 rerum
239 2434 366 2496 historia
389 2446 509 2496 exstare
533 2443 623 2514 atque
646 2435 774 2516 eminere
806 2455 842 2495 ae
863 2442 954 2512 prout
984 2434 1046 2494 sint
1068 2441 1198 2512 recepta,

116 2575 155 2614 ex
178 2553 283 2614 eadem
306 2554 457 2616 enucleari
479 2575 568 2634 posse
588 2554 662 2614 mihi
683 2575 744 2614 nou
767 2554 973 2633 persuadetur.

194 2690 196 2694 ’
221 2694 417 2774 Quamquam
446 2715 523 2774 quae
560 2695 598 2756 de
628 2693 851 2755 Alcmaeonidis
880 2693 1088 2772 proferantur,
1122 2692 1200 2762 inter

115 2814 179 2874 alia
200 2816 312 2876 enitere
327 2816 349 2891 11
371 2815 453 2876 haud
472 2816 556 2876 decet
574 2815 705 2877 infitiari.
753 2814 842 2875 Haeo
865 2823 965 2875 tamen
988 2813 1197 2874 narrationum

116 2935 277 2998 diversitas
301 2959 337 2998 ea
357 2938 547 3018 potissimum
570 2937 608 2996 de
631 2957 724 2997 causa
739 2934 832 3014 plane
845 2943 972 3014 apparet
987 2943 1078 3014 atque
1091 2943 1199 3008 exstat,

113 3059 197 3138 quod
221 3061 349 3140 scriptor
372 3080 439 3121 cum
456 3061 493 3121 de
511 3059 616 3120 ceteris
637 3057 868 3126 Atheniensium
887 3057 987 3133 rebus,
1010 3068 1074 3120 tum
1095 3058 1199 3132 decia,

113 3203 193 3261 quae
212 3184 364 3262 pertinent
376 3181 414 3244 ad
426 3182 612 3262 reipublicae
631 3181 899 3242 conformationem
912 3182 983 3242 inde
1001 3203 1020 3242 a
1035 3182 1199 3244 Clistheuis

114 3324 211 3383 usque
241 3305 280 3364 ad
310 3303 521 3365 Themistoclis
553 3311 699 3376 aetatem,
736 3323 773 3363 ex
803 3303 936 3364 eiusdem
967 3304 1084 3384 generis
1116 3304 1200 3365 fonte

112 3425 235 3486 haurire
256 3447 315 3487 non
339 3434 472 3505 poterat,
504 3445 600 3506 eaque
622 3425 651 3484 in
676 3424 738 3485 illis
761 3425 789 3485 ei
806 3425 910 3488 deerat
941 3446 1041 3490 rerum
1065 3425 1199 3500 scientia,

109 3569 205 3628 quam
229 3569 264 3608 ex
290 3548 416 3627 singulis
439 3547 573 3627 gentium
598 3545 761 3607 annalibus
781 3548 925 3627 percepit.
971 3549 1097 3627 ltaque,
1121 3567 1199 3628 quae

110 3669 141 3726 in
178 3667 235 3728 hac
269 3668 416 3728 Herodoti
442 3667 634 3728 historiarum
666 3675 752 3744 parte
784 3667 965 3736 traduntur,
1001 3688 1059 3728 non
1093 3667 1198 3728 eadem

112 3787 372 3797 -—--—..-.-

218 3837 304 3922 l).cf
326 3838 457 3911 111112,
485 3838 554 3898 31.
578 3838 732 3900 1111139.
748 3838 903 3914 1111191,
929 3838 979 3914 93,
1005 3837 1054 3900 95.
1078 3837 1198 3913 lxta,

113 3927 307 4006 74111.-
333 3925 642 3997 Schoell,Philol.
667 3925 751 4008 Xp
775 3925 850 3988 421.

220 4013 378 4094 110101111
400 4011 578 4077 121-1126.
