2774 4434
586 325 799 384 „„.27„

145 535 198 606 eis,
219 555 298 613 quac
319 533 455 614 exposui,
476 533 539 595 iure
562 533 734 594 existimare
756 554 843 612 posse
865 534 938 592 mihi
963 534 1075 613 videor,
1100 546 1163 598 tum
1187 561 1224 600 ex

146 655 201 732 eis,
223 675 302 734 quae
325 650 525 734 Buedingerl)
548 655 585 716 de
607 641 801 715 historiarum
822 655 901 716 libro
923 656 1054 717 secundo
1075 658 1225 737 disseruit,

145 776 200 856 qui
223 796 325 838 verum
360 795 432 849 esse,
471 776 550 856 quod
573 774 715 848 diximus,
752 793 789 833 ex
822 774 901 835 libro
933 776 986 835 illo
1009 777 1122 856 optime
1145 781 1226 841 cerni

145 917 235 977 posse
258 896 486 958 demonstravit.
533 895 593 958 Sed
615 894 720 975 paullo
743 894 862 973 longius
894 896 1053 974 procedere
1075 899 1225 974 videntur,

145 1016 199 1096 qui
223 1015 355 1076 omniurn
380 1017 503 1078 illarum
528 1017 660 1098 partium
684 1013 872 1093 singularum
892 1025 987 1077 certos
1003 1017 1076 1079 fines
1099 1019 1226 1100 diligen-

145 1136 262 1198 tissime
284 1135 468 1218 distinguere
484 1139 615 1212 student,
637 1137 716 1197 inter
724 1157 803 1236 gnos
817 1146 846 1197 et
858 1137 1048 1200 Nitzschium
1062 1140 1227 1202 Bauerum-

145 1278 206 1336 que
226 1278 365 1330 numero;
399 1279 526 1338 quorum
558 1257 678 1336 utrique
700 1265 801 1317 tamen
832 1257 889 1318 hac
911 1257 941 1316 in
966 1278 997 1318 re
1022 1257 1138 1339 aliquid
1160 1283 1228 1322 con-

145 1377 312 1438 cedendum
336 1379 401 1452 erit,
437 1379 491 1453 illi,
527 1379 719 1439 Herodotum
746 1377 875 1438 Athenis
898 1399 914 1438 e
937 1380 1071 1458 gentium
1095 1402 1226 1461 quarun-

144 1499 217 1558 dam
255 1499 418 1560 traditione
452 1501 640 1561 narrationes
675 1521 745 1560 suas
781 1499 932 1578 petivisse,
972 1499 1050 1576 huic,
1090 1500 1226 1580 singulas

114 1679 118 1684 ,
143 1618 338 1680 historiarum
362 1629 463 1701 partes
486 1621 645 1700 plerasque
679 1620 841 1700 separatim
876 1621 1006 1701 primum
1036 1622 1221 1702 conscriptas

143 1760 219 1801 esse.
264 1741 324 1802 Sed
346 1741 409 1802 fieri
443 1761 503 1801 non
534 1762 623 1821 posse
658 1741 795 1816 arbitror,
833 1751 868 1803 ut
902 1751 1003 1822 partes
1026 1742 1108 1815 illae,
1147 1742 1227 1802 siout

144 1863 244 1945 primo
268 1870 339 1922 sunt
362 1861 559 1940 conscriptae,
592 1862 700 1923 deinde
722 1863 894 1942 recognosci
921 1864 1047 1942 possint,
1082 1862 1224 1942 quoniam

144 1984 244 2064 primo
270 1982 478 2054 adumbratae,
509 1991 616 2061 postea
645 1991 826 2044 retractatae
849 1983 1015 2064 multisque
1044 2003 1079 2044 ao
1101 1977 1227 2044 diversis

144 2103 236 2164 rebus
262 2112 369 2164 auctae
392 2104 467 2164 adeo
491 2111 695 2164 commutatae
718 2113 797 2178 sunt,
821 2112 855 2164 ut
874 2103 1006 2182 pristina
1028 2103 1127 2163 forma
1146 2123 1228 2181 pror-

147 2244 199 2284 sus
222 2223 283 2284 fere
306 2223 536 2284 oblitteraretur.

253 2377 382 2439 Publica
404 2399 485 2453 vero,
520 2399 598 2457 quae
621 2379 728 2439 statuit
749 2375 877 2440 Nitzsch
899 2378 996 2439 relata
1030 2379 1077 2440 vel
1104 2376 1227 2437 omnino

148 2499 307 2579 ampliora,
330 2519 425 2578 eaque
446 2499 477 2557 in
501 2507 613 2559 certam
633 2499 761 2560 formam
785 2500 909 2561 redacta
931 2499 1012 2578 apud
1036 2497 1227 2558 Herodotum

148 2621 251 2680 offerri
274 2620 320 2680 his
343 2620 380 2680 de
405 2619 503 2680 causis
523 2619 680 2699 probabile
701 2641 762 2680 non
785 2620 913 2682 videtur.

253 2741 460 2821 Quaecunque
482 2741 519 2802 de
542 2741 631 2802 bellis
654 2742 784 2802 Persicis
807 2740 925 2802 rettulit
953 2747 1067 2815 auctor,
1103 2759 1140 2798 ex
1167 2736 1226 2796 sin-

146 2859 228 2938 gulis
263 2861 490 2922 narrationibus
523 2862 571 2923 vel
603 2862 790 2942 singulorum
824 2861 979 2921 hominum
1013 2858 1157 2920 memoria
1185 2878 1226 2917 re·

147 2979 265 3059 petivit,
289 2981 376 3042 nulla
400 2991 481 3043 certa
504 3004 577 3044 usus
600 2983 726 3058 ratione,
761 3003 823 3062 qua
848 3003 952 3043 verum
977 3003 995 3042 a
1017 2980 1098 3041 falso
1121 2977 1225 3056 digno-

150 3110 255 3176 sceret,
278 3101 363 3162 nullo
387 3113 467 3164 certo
489 3101 625 3176 consilio,
647 3123 740 3163 unam
756 3103 948 3165 traditionem
973 3104 1061 3165 unice
1084 3097 1226 3178 sequendi

146 3221 321 3296 alteramve,
345 3243 422 3302 quae
442 3224 574 3285 maxime
597 3224 749 3286 videretur
775 3245 840 3285 esse
871 3221 1047 3302 probabilis.
1093 3221 1135 3280 Et
1158 3219 1225 3297 quis

145 3351 200 3416 est,
225 3344 278 3422 qui
300 3344 380 3406 hanc
400 3344 550 3405 scribendi
573 3345 720 3405 rationem
745 3344 783 3404 ab
806 3365 850 3419 eo,
874 3343 927 3423 qui
950 3343 1064 3422 primus
1089 3342 1169 3404 viam
1187 3339 1226 3400 ad

145 3463 260 3524 iustam
283 3463 429 3526 historiae
452 3465 628 3526 scribendae
651 3465 797 3526 rationem
828 3465 979 3544 ingressus
1002 3465 1052 3538 sit,
1076 3461 1227 3544 postulet?

140 3585 221 3646 Rern
264 3587 399 3666 profecto
444 3586 658 3648 difficillimam
703 3597 797 3667 puto,
847 3586 1016 3647 discernere
1059 3585 1137 3645 inter
1180 3605 1230 3670 ea,

143 3727 226 3786 quae
259 3707 317 3767 lide
340 3706 494 3782 historica,
528 3708 554 3767 h.
576 3729 601 3769 e.
625 3707 781 3769 annalium
813 3708 1014 3770 monumentis
1048 3707 1226 3768 confirmata

251 3947 274 4025 ¹)
302 3949 363 4009 Zur
395 3957 514 4028 aegypt
543 3949 721 4027 Forschung
750 3950 822 4022 Hs„
852 3949 1055 4028 Sitaungsber.
1089 3947 1118 4008 d.
1153 3947 1225 4028 phil.

142 4037 214 4096 hist.
238 4036 285 4098 Ol.
310 4037 337 4098 d.
363 4035 437 4096 kais.
467 4035 567 4097 Akad.
593 4036 681 4098 Wieu
709 4035 790 4098 1873
814 4035 956 4098 LXXII.
