2774 4434
169 926 317 1044 Duplex
340 967 386 1020 est
407 979 502 1038 genus
526 958 599 1020 artis
622 957 761 1019 criticae:
784 957 909 1018 alterum
934 957 1067 1018 continet
1086 956 1177 1018 libro·

97 1108 165 1148 rum
194 1104 288 1146 manu
311 1081 489 1161 scriptorum
506 1079 744 1142 emendationem
765 1087 795 1140 et
816 1079 1026 1152 recensionem,
1048 1078 1177 1139 alterum

98 1208 283 1290 scriptorum
307 1195 553 1264 aestimationem.
587 1199 649 1263 ¹Illi
673 1201 734 1262 iam
758 1200 809 1262 Fr.
833 1201 919 1280 Aug.
936 1199 1035 1262 Wolf
1054 1200 1178 1281 eiusque

95 1326 243 1408 discipuli
265 1324 416 1405 ingeniose
439 1303 633 1394 studuerunt;
657 1321 728 1382 huic
750 1321 787 1395 ei,
816 1321 868 1401 qui
891 1329 961 1401 post
991 1321 1060 1382 illos
1087 1322 1178 1384 exsti·
1272 1317 1274 1322 ’

95 1459 208 1523 terunt,
233 1467 382 1510 summam
406 1464 528 1525 operam
550 1450 704 1505 naverunt
723 1451 753 1504 et
768 1462 827 1504 non
850 1442 998 1518 omnibus,
1023 1465 1102 1524 quae
1118 1453 1178 1506 tra·

97 1572 242 1634 diderunt
274 1577 398 1640 veteres,
419 1564 544 1627 eandem
578 1564 677 1638 fldem,
711 1585 772 1624 non
806 1563 946 1625 omnibus
981 1565 1177 1646 scriptoribus

101 1689 227 1752 eandem
242 1686 452 1749 auctoritatem
464 1683 654 1746 tribuendam
667 1704 731 1745 esse
739 1684 1030 1748 demonstraverunt.
1074 1687 1176 1763 Quam

95 1813 176 1875 enim
201 1810 409 1884 anctoritatem
435 1805 563 1886 singulis
579 1805 776 1885 scriptoribus
789 1807 995 1882 concedemus,
1008 1808 1176 1889 apparebit,

96 1933 124 1994 si
145 1931 328 2012 quibusnam
355 1926 492 1990 fontibus
522 1927 568 1987 usi
601 1926 722 2001 fuerint,
755 1929 993 2008 cognoverimus.
1036 1930 1177 2011 Namque

96 2073 135 2113 ea
157 2059 203 2112 est
225 2047 409 2110 consuetudo
431 2056 566 2109 veterum
590 2047 786 2127 scriptorum,
808 2069 876 2110 cum
911 2049 1039 2112 aliarum
1069 2070 1176 2123 rerum,

95 2181 161 2233 tum
185 2169 407 2245 historicarum,
432 2175 466 2228 ut
488 2166 564 2228 alios
593 2167 702 2244 fontes,
727 2168 804 2230 alios
835 2177 972 2232 auctores
1003 2178 1177 2250 sequantur,

97 2293 222 2354 nomina
242 2312 345 2354 eorum
368 2289 523 2352 reticeant.
576 2289 724 2371 Polybius
747 2291 868 2372 quidem
891 2300 921 2353 et
941 2292 1049 2354 Livius
1080 2291 1179 2353 Fabio

97 2413 211 2474 Pictori
236 2410 392 2472 annalium
414 2409 553 2490 scriptori
576 2410 673 2471 multa
695 2407 852 2491 debent1),
883 2410 1084 2484 Plutarchus,
1107 2410 1178 2472 Cor·

96 2534 194 2598 nelius
218 2533 341 2614 Nepos,
367 2532 483 2614 Trogus
506 2531 669 2612 Pompeius
699 2526 857 2611 Ephorum
889 2541 919 2594 et
941 2532 1178 2612 Theopompum,

97 2659 240 2720 Isocratis
273 2655 438 2736 discipulos
473 2663 641 2736 sequuntur
654 2651 687 2736 ²).
715 2654 867 2716 Diodorus
899 2656 1024 2736 Ephori,
1053 2657 1180 2732 Timaei,

96 2780 254 2854 Clitarchi,
277 2779 404 2840 aliorum
427 2777 547 2858 scriptis
570 2777 665 2838 utitur
679 2775 711 2853 3).
764 2777 854 2854 Quod
887 2778 912 2839 si
943 2781 1179 2859 cognoverimus,

100 2983 122 3066 ¹)
145 2985 183 3047 cf.
206 2983 239 3046 C.
265 2984 313 3046 W.
333 2983 508 3057 Nitzsch,
531 2983 580 3044 die
621 2988 694 3044 riim.
728 2981 925 3058 Annalistik',
955 2984 1055 3046 Berlin
1087 2985 1179 3047 1873.

98 3075 120 3149 ²)
146 3072 184 3136 cf.
222 3071 262 3134 A.
299 3071 457 3143 Haeren,
503 3070 541 3131 de
578 3069 714 3132 fontibus
748 3078 778 3132 et
815 3072 996 3134 auctoritate
1046 3073 1178 3134 vitarum

139 3158 357 3240 parallelorum
387 3157 543 3218 Plutarchi
578 3165 781 3218 commentatt.
827 3158 885 3232 IV,
917 3157 1054 3238 Gottiug.
1086 3158 1179 3220 1820.

31 3295 36 3304 .
97 3245 140 3306 M.
163 3245 292 3325 Haug,
315 3243 502 3321 dieQuellen
527 3242 690 3306 Plutarchs
713 3244 744 3303 iu
766 3243 823 3304 den
848 3243 1102 3306 Lebensbeschrr.
1126 3246 1180 3307 der

139 3330 301 3404 Griechen,
329 3331 461 3410 Tithing.
495 3329 588 3391 1854.

98 3416 297 3489 Albracht,
335 3418 372 3479 de
407 3417 619 3479 Themistoclis
656 3417 737 3479 Plut.
775 3416 866 3478 fontt.
905 3416 1043 3498 Gottiug.
1085 3416 1179 3478 1873.

98 3507 137 3566 A.
162 3502 327 3577 Gocthe,
351 3504 399 3565 die
422 3503 552 3581 Qucllen
587 3505 639 3566 des
662 3505 752 3566 Corn.
776 3503 852 3583 Nep.
882 3525 906 3565 z.
928 3502 1038 3582 griech.
1062 3504 1180 3577 Gesch,

137 3611 201 3671 prg.
225 3589 278 3652 Gr.
301 3589 391 3671 Glog.
429 3589 521 3650 1878.

97 3676 176 3738 Hil.
200 3677 306 3738 Wolf
311 3677 329 3738 f
333 3686 484 3757 garten,
506 3677 544 3738 de
567 3676 682 3757 Ephori
705 3684 735 3738 et
758 3676 866 3738 Dionis
888 3676 1021 3739 historiis
1043 3698 1061 3737 a
1081 3676 1180 3756 Trogo

136 3759 285 3844 Pompeio
308 3764 466 3845 expressis,
492 3765 617 3826 Bounae
642 3762 732 3823 18o8.

97 3851 119 3928 ³)
148 3849 181 3912 O.
230 3852 269 3912 A.
313 3851 620 3931 Volquardsen,
676 3849 950 3928 Untersuchungen
1006 3847 1083 3909 iiber
1132 3847 1181 3908 die

137 3936 270 4013 Quellen
285 3935 339 3997 der
361 3938 470 4016 griech.
494 3959 522 3998 n.
537 3938 610 3998 sicil.
624 3936 827 4001 Gcschichten
844 3935 872 3997 b.
890 3935 978 3998 Diod.
992 3933 1179 4006 XI-XVI,

142 4023 214 4093 Kiel
242 4021 332 4092 1868,
