2774 4434
579 280 881 342 —21--·

144 488 208 548 illis
224 485 534 548 Lacedaemoniorum
550 487 761 549 convivalibus
777 486 872 567 petita
888 506 952 546 esse
967 493 1068 566 putat;
1085 488 1223 568 equidem

144 609 260 684 sentio,
289 606 446 667 referenda
470 628 534 668 esse
559 609 598 669 ad
617 608 749 669 Archiae
766 607 849 668 illius
872 607 1070 671 narrationes.
1109 609 1227 689 Cogno·

144 729 258 790 scimus
288 726 366 788 enim
401 727 452 788 IX
482 726 523 788 53
558 729 829 808 Amompharetum
870 727 1077 790 Pitanetarum
1108 729 1226 805 ducem,

143 850 221 931 quid
242 849 334 928 igitur
355 848 452 928 magis
484 859 626 930 apparet,
653 871 744 930 quam
772 849 917 910 Archiam
945 869 990 910 res
1019 871 1037 910 a
1066 850 1142 912 duce
1173 851 1226 912 illo

144 971 254 1034 aliisve
291 969 446 1049 praeclare
468 979 568 1050 gestas
592 970 751 1032 Herodoto
780 970 973 1032 narravisse?
1007 970 1101 1034 Cuius
1123 992 1226 1034 narra-

141 1092 235 1153 tionis
263 1091 341 1152 ratio
372 1090 465 1170 plane
491 1092 594 1152 eadem
625 1100 671 1152 est
703 1101 794 1172 atque
818 1091 962 1166 aliarum,
995 1113 1070 1170 quas
1099 1093 1227 1174 scriptor

143 1213 214 1274 aliis
245 1211 351 1272 debuit
382 1220 436 1272 aut
471 1212 594 1274 aliunde
625 1222 765 1293 acceptas
800 1213 925 1274 rettulit.
974 1213 1073 1276 Immo
1106 1222 1225 1275 tautum

143 1335 240 1406 abest,
264 1340 298 1393 ut
320 1333 629 1394 Lacedaemoniorum
655 1333 868 1394 traditionibus
892 1333 1035 1394 maiorem
1059 1335 1225 1402 habeamus

140 1454 232 1515 fidem
260 1474 351 1533 quam
382 1453 459 1527 aliis,
489 1475 600 1534 easque
631 1454 693 1515 illis
720 1455 946 1534 postponendas
973 1474 1161 1529 censeamus,
1189 1465 1224 1516 ut

142 1585 298 1656 procerte
322 1573 434 1635 habere
455 1595 515 1635 non
539 1573 725 1644 dubitemne,
748 1594 798 1647 ea,
826 1595 903 1654 quae
924 1574 1052 1656 scriptor
1073 1595 1109 1634 ex
1132 1576 1226 1637 Lace·

141 1695 370 1757 daemoniorum
387 1694 612 1756 narrationibus
629 1696 785 1776 acceperit,
802 1695 860 1756 fide
875 1695 1020 1756 historica
1038 1695 1133 1762 multo
1157 1717 1221 1758 esse

144 1816 289 1876 iuferiora
301 1811 325 1896 l)
349 1816 401 1889 eis,
423 1835 501 1896 quae
520 1815 648 1876 Athenis
669 1836 685 1876 e
703 1816 837 1896 gentium
854 1815 1043 1896 quarundam
1059 1817 1221 1880 traditione

144 1936 273 2016 recepit;
296 1957 372 2016 quae
394 1935 500 2015 qualia
524 1936 593 2010 sint,
617 1935 723 2017 paullo
744 1935 825 1996 infra
847 1936 1027 1998 videbimus.

249 2090 424 2152 Herodotus
446 2099 607 2170 postquam
632 2111 712 2150 auno
736 2090 798 2152 fere
819 2091 883 2152 459
912 2091 1004 2152 Samo
1027 2092 1148 2154 domum
1181 2113 1226 2154 re·

144 2211 246 2284 vertit,
271 2211 439 2292 composuit
460 2232 510 2285 ea,
534 2211 654 2291 opinor,
684 2233 762 2291 quae
792 2210 830 2273 ad
861 2233 996 2292 pugnam
1021 2213 1226 2294 Mycalensem

142 2332 306 2412 pertinent.
353 2333 389 2392 In
414 2332 481 2392 hac¹
496 2331 574 2392 enim
600 2331 698 2412 operis
720 2341 806 2411 parte
828 2334 1107 2412 certamquaudam
1131 2336 1227 2396 inesse

143 2453 321 2514 relationem
343 2454 403 2516 dici
424 2461 531 2534 potest,
555 2452 635 2532 quod
668 2472 746 2512 unus
771 2460 832 2513 stat
855 2452 937 2514 color
960 2474 1013 2533 per
1034 2463 1128 2516 totam
1160 2477 1225 2516 eam

143 2574 361 2647 narrationem,
386 2582 476 2654 atque
498 2593 576 2634 unus
600 2577 644 2633 est
667 2593 758 2633 sonus
781 2573 873 2633 totius
898 2574 1089 2636 narrationis.
1136 2576 1226 2652 Quod

141 2695 294 2774 quomodo
317 2668 437 2756 factumn
452 2694 508 2767 sit,
534 2693 625 2754 facile
648 2703 694 2754 est
717 2692 755 2754 ad
785 2693 1030 2773 intellegendum.
1086 2695 1227 2775 Namque

139 2837 210 2877 cum
237 2816 517 2896 tempora,‘quibus
540 2816 615 2875 haec
638 2815 759 2894 scripsit
783 2815 966 2888 Herodotus,
991 2814 1132 2890 abillis,
1162 2817 1226 2898 qui-

141 2937 203 2998 bus
232 2959 353 3017 pugnae
387 2938 468 3017 apud
510 2936 662 3017 Mycalem
696 2935 977 3011 committebantur,
1005 2957 1065 2998 uon
1097 2937 1226 2998 multum

138 3059 305 3130 distarent,
331 3057 417 3119 Sami
439 3056 487 3118 vel
519 3056 734 3117 Halicarnassi
762 3055 810 3118 vel
837 3056 961 3117 omnino
987 3057 1018 3115 in
1047 3054 1109 3116 illis
1133 3057 1228 3118 Asiae

139 3179 267 3240 minoris
282 3176 423 3238 litoribus
440 3176 528 3238 multi
543 3185 632 3238 erant
647 3184 795 3244 auctores,
814 3196 940 3255 quorum
958 3198 973 3236 e
990 3176 1227 3251 narrationibus,

138 3298 215 3378 quid
239 3319 343 3361 verum
364 3306 455 3374 esset,
478 3296 569 3358 facile
591 3317 770 3377 cognoscere
792 3304 918 3376 poterat.
964 3297 1034 3356 Non
1058 3297 1151 3377 igitur
1166 3306 1227 3358 tra·

136 3419 285 3481 ditionem
303 3419 459 3499 quandam
481 3418 569 3479 certis
594 3418 704 3479 finibus
726 3416 982 3500 circumscriptam
1006 3425 1035 3478 et
1052 3417 1226 3498 agentibus

137 3549 354 3607 conservatam
375 3543 406 3600 iu
431 3540 486 3599 illa
509 3539 702 3600 historiarum
720 3549 806 3618 parte
822 3538 1034 3618 intellegimus
1051 3539 1103 3600 aed
1124 3560 1226 3600 narra·

298 3713 400 3720 —-—--—

248 3812 273 3896 ¹)
297 3815 447 3877 Conferas
474 3835 604 3894 quoque,
621 3835 699 3894 quae
717 3812 894 3874 Duuoker
914 3809 1037 3891 (Geaub.
1058 3814 1088 3876 d.
1105 3813 1226 3890 Altert.)

138 3915 161 3963 t.
184 3901 254 3964 VII
273 3901 314 3962 75
333 3902 370 3962 de
387 3901 694 3964 Lacedaemoniorum
712 3899 927 3966 traditionibus
954 3897 1140 3966 iudicaverit.
1185 3901 1227 3966 Et

136 4009 228 4072 porro
252 4011 282 4072 p.
306 3988 345 4048 81
363 4011 427 4072 sqq.
