2774 4434
634 255 839 317 Ιὼ16...

194 463 233 524 tis
257 463 330 524 satis
360 460 569 541 probabilibus
607 461 811 522 demonstrare
845 462 968 535 studuit,
1005 483 1102 542 neque
1131 459 1169 523 de
1200 485 1270 527 vero

192 583 334 645 videntur
356 582 519 652 declinare,
544 583 595 661 qui
620 582 813 643 Herodotum
842 582 956 658 eodem,
987 603 1046 662 quo
1069 583 1200 646 Pericles
1221 606 1269 664 pe-

191 706 275 766 rierit
296 705 410 774 morbo,
437 704 610 783 pestilentia
632 704 820 783 implicatum
846 704 976 765 Athenis
1005 705 1180 765 ‹ieiunetum
1205 727 1269 768 esse

190 835 305 907 putent.

294 949 344 1008 Ex
366 947 417 1022 eis,
440 947 491 1026 'qui
515 946 553 1006 de
570 939 711 1025 tempore,
734 965 793 1024 quo
818 945 994 1007 Herodotus
1019 946 1154 1024 singulos
1176 947 1267 1009 histo·

190 1070 303 1130 riarum
347 1068 440 1129 libros
484 1067 701 1147 composuerit,
753 1067 1001 1146 disputaverunt,
1047 1067 1200 1127 Bausrum
1239 1079 1268 1129 et

190 1190 372 1252 Schoellium
398 1209 515 1269 sequor,
539 1189 590 1268 qui
613 1188 706 1249 libros
722 1197 781 1249 tres
805 1188 983 1268 posteriores
1006 1188 1089 1267 prius
1111 1208 1176 1250 esse
1199 1210 1268 1250 con-

189 1313 315 1393 scriptos
339 1331 429 1390 quam
454 1311 566 1390 priores
587 1331 624 1371 ex
648 1330 736 1389 opere
752 1311 818 1391 ipso
841 1310 995 1389 scriptoris
1017 1309 1157 1394 cognosci
1177 1331 1268 1404 posse

187 1434 344 1514 perspicue
366 1441 580 1513 exposuerunt,
602 1452 700 1511 neque
722 1432 773 1506 eis,
795 1451 874 1512 quae
905 1432 957 1491 alii
984 1441 1089 1493 contra
1113 1432 1267 1509 dixerunt,

187 1555 366 1618 commoveri
389 1555 484 1635 potui,
518 1563 553 1615 ut
575 1554 654 1615 hanc
685 1554 863 1615 sententiam
894 1563 1121 1615 commutarem.
1166 1556 1267 1616 Immo

186 1696 348 1756 congruere
374 1697 441 1736 eam
464 1695 531 1736 cum
555 1674 606 1750 eis,
641 1695 719 1753 quae
751 1675 788 1734 de
811 1673 961 1735 Herodoti
994 1674 1060 1736 vita
1092 1675 1266 1749 statuimus

139 1789 141 1794 ⁵
185 1798 278 1878 paulo
293 1797 375 1857 infra
398 1795 575 1858 videbimus.
826 1873 829 1880 .

288 1917 431 1980 Schoellii
454 1917 533 1977 enim
549 1925 579 1976 et
596 1916 707 1976 Baueri
728 1924 907 1994 argumenta
926 1915 978 1993 qui
997 1915 1266 1994 impugnaverunt,

184 2040 239 2101 etsi
262 2039 411 2120 quaedam
434 2059 536 2100 eorum
558 2037 678 2097 infirma
694 2037 897 2098 labefactasse
911 2037 969 2097 sibi
986 2036 1135 2114 videntur,
1159 2047 1263 2100 tamen

184 2160 288 2221 omnia
309 2160 445 2221 refellere
465 2159 515 2221 vel
538 2159 643 2219 tollere
669 2167 831 2236 nequeunt.
877 2159 945 2219 Non
975 2158 1032 2219 erit
1059 2157 1264 2235 infitiandum,

183 2305 250 2344 curn
275 2282 421 2343 aliatum
444 2281 668 2362 praeclarorum
701 2280 832 2342 virorum
857 2300 968 2359 genera
1001 2281 1033 2339 in
1055 2279 1142 2340 libris
1163 2293 1264 2359 poste·

182 2403 312 2465 rioribus
345 2404 441 2464 multo
468 2402 638 2464 accuratius
671 2401 818 2480 explicari
844 2402 988 2479 quernis
1011 2399 1171 2479 prioribus,
1208 2403 1263 2464 ubi

182 2527 310 2606 scriptor
333 2525 437 2586 eadem
460 2524 628 2604 legentibus
649 2531 722 2582 nota
743 2542 808 2582 6666
829 2521 990 2582 existimat.

284 2647 444 2708 Praeterea
480 2645 538 2705 loci
576 2644 700 2723 quidam
732 2652 853 2704 exstant
881 2643 958 2703 inter
989 2663 1020 2703 se
1047 2652 1260 2723 repugnantes,

182 2788 307 2847 quorum
327 2765 545 2846 discrepantias
562 2785 658 2845 neque
680 2764 833 2844 scriptoris
849 2765 1041 2844 neglegentia
1061 2773 1114 2825 aut
1134 2764 1261 2825 festina-

180 2891 261 2951 tione
284 2909 428 2949 excusare
451 2909 547 2968 neque
569 2887 679 2948 referre
702 2886 813 2966 poteris
838 2886 876 2946 ad
900 2886 1033 2948 diversos
1049 2886 1156 2960 fontes,
1181 2907 1260 2965 quos

178 3009 230 3070 ille
253 3007 475 3088 religiosissime
503 3015 623 3068 secutus
644 3007 879 3087 uniuscuiusque
906 3007 1115 3069 auctoritatem
1138 3027 1260 3070 seruare

179 3131 287 3204 studet,
310 3130 440 3191 sednon
466 3129 553 3190 aliter
576 3129 748 3208 explanare,
774 3149 809 3189 66
832 3129 857 3187 61
879 3128 972 3188 libros
995 3137 1053 3188 tres
1073 3129 1259 3208 'posteriores

178 3252 262 3332 prius
284 3273 374 3332 quam
392 3251 600 3313 antecedentes
624 3251 802 3330 singillatim
825 3250 1005 3329 compositos
1027 3271 1092 3310 6666
1111 3247 1259 3329 posueris.

177 3373 323 3435 conferas
340 3393 452 3452 quaeso
468 3373 517 3433 IV
536 3371 613 3433 iso:
635 3361 806 3450 δεξάμενοι
822 3360 1095 3450 [Λακεδαιμόνιοι]
1120 3365 1156 3429 δε
1178 3361 1260 3438 τοὺς

176 3483 304 3566 Μινύας
325 3491 380 3574 γῆς
414 3513 447 3553 τε
482 3489 660 3572 μετέδοσαν
696 3489 748 3551 καὶ
771 3485 803 3564 ἐς
825 3483 930 3568 φυλὰς
960 3481 1153 3552 διεδάσαντο
1187 3513 1257 3554 cum

175 3611 312 3678 6351.ί
339 3615 405 3675 lX:
429 3613 547 3694 μοῦνοι
581 3611 615 3675 δε
651 3605 690 3695 δὴ
719 3603 858 3675 πάντων
881 3603 1079 3690 ἀνθρώπων
1102 3608 1258 3694 ἐγένοντο

175 3719 268 3796 οὗτοι
289 3725 476 3815 [recuperor
496 3729 683 3838 xulJHyr'ug]
722 3725 947 3816 Σπαρτιήτῃσι
977 3733 1138 3816 πολιῆται.
1182 3735 1256 3796 Non

176 3857 264 3918 <lebet
279 3858 422 3933 dubitari,
447 3857 529 3937 quin,
553 3858 577 3918 si
598 3857 674 3917 liber
686 3857 734 3918 IV
751 3859 938 3938 conscriptus
954 3865 1032 3919 esset
1051 3866 1121 3918 ante
1140 3856 1255 3916 librum

171 3977 233 4052 IX,
270 3979 399 4060 scriptor
431 3979 461 4038 in
496 3979 553 4040 lroc
590 3979 737 4040 rationem
765 3979 925 4040 habiturus
958 3979 1050 4040 fuerit
1081 3977 1138 4039 loci
1169 3977 1257 4038 illius
