2774 4434
547 269 788 332 1-29-

139 499 159 537 a
185 477 339 537 Nitzschio
363 485 449 536 tanta
472 476 686 555 perspicuitate
713 486 834 556 apertae
856 485 886 536 et
907 477 1061 555 expositae
1083 488 1161 552 sunt,
1186 491 1221 542 ut
1304 496 1308 507 ‘

138 621 201 659 rem
227 599 271 658 ita
291 619 356 658 esse
391 617 513 676 prorsus
539 598 612 657 mihi
635 598 842 678 persuaserim.
888 597 946 658 sed
963 619 1024 676 qua
1046 599 1162 661 ratione
1184 623 1220 662 ea

137 742 177 780 ex
210 719 336 798 singulis
371 707 563 778 historiarum
597 718 736 797 partibus
772 719 880 779 deduci
904 719 1029 797 possint,
1063 740 1220 802 quousque

141 840 294 920 pertineat
316 838 399 916 origo
421 818 554 916 partium
577 858 689 909 earum,
713 858 791 916 quae
812 837 943 916 publicis
967 839 1221 902 Lacedaemonio-

138 981 206 1020 rum
231 957 456 1018 narrationibus
477 957 660 1029 tribuuntur,
696 957 819 1017 enodari
844 967 934 1036 atque
957 960 1128 1019 accuratius
1151 963 1220 1022 defi-

138 1081 199 1140 niri
224 1101 310 1158 posse
332 1079 432 1138 minus
455 1078 577 1157 probari
600 1087 700 1157 potest
721 1079 903 1158 minimeque
922 1079 1007 1151 illud,
1031 1101 1134 1141 omnes
1151 1081 1220 1144 illas

136 1201 316 1262 traditiones
340 1199 428 1259 certis
449 1198 556 1259 tinibus
581 1199 821 1277 circumscriptas
843 1199 946 1259 fuisse.

244 1319 426 1394 Nonarum,
461 1320 485 1378 si
516 1319 643 1378 historia
665 1339 764 1380 rerum
792 1340 860 1378 cum
882 1320 981 1379 Persis
1010 1329 1162 1399 gestarum
1186 1323 1216 1382 in

137 1443 316 1504 universum
340 1461 400 1500 uno
424 1449 525 1500 tenore
553 1439 726 1517 conscripta
745 1439 874 1514 videtur,
907 1439 963 1500 hoc
984 1461 1000 1500 e
1023 1438 1243 1502 traditionum

138 1564 264 1624 illarum
288 1581 395 1639 genere
418 1570 509 1638 atque
543 1559 641 1620 forma
670 1558 862 1638 intellegitur,
896 1561 949 1620 sed
976 1561 1054 1635 inde,
1087 1563 1167 1642 quod
1191 1573 1220 1624 et

136 1699 286 1763 tempora,
316 1680 426 1759 quibus
461 1679 631 1757 conscripta
663 1683 812 1751 estnon
840 1681 969 1740 multum
992 1680 1149 1742 distabant
1180 1683 1219 1742 ab

137 1806 212 1874 illis,
245 1800 355 1882 quibus
378 1819 425 1858 res
446 1797 639 1877 gerebantur,
662 1807 692 1858 et
712 1800 854 1876 permulti
877 1811 964 1861 erant
985 1801 1132 1862 bellorum
1154 1803 1220 1862 illo-

139 1948 205 1987 rum
232 1921 313 1993 socii,
353 1919 404 1997 qui
429 1917 595 1992 Herodoto,
630 1939 707 1998 quae
736 1919 773 1979 de
803 1919 891 1980 rebus
916 1941 983 1981 cum
1005 1921 1105 1982 Persis
1128 1925 1219 2001 gestis

139 2040 408 2127 percunctabatur,
444 2058 580 2098 sermone
614 2038 692 2098 inter
722 2059 824 2100 omues
848 2051 1029 2120 congruente
1051 2045 1222 2105 memoriter

140 2182 291 2245 exponere
305 2167 476 2239 potuerunt.

244 2301 310 2362 Iam
333 2295 438 2377 paucis
464 2294 713 2373 comprehendere
735 2294 832 2368 liceat,
856 2296 893 2356 de
914 2295 1024 2374 quibus
1045 2296 1134 2356 aliter
1156 2319 1220 2358 sen-

140 2425 233 2485 timus
258 2441 294 2481 ac
316 2417 452 2478 Nitzsch.
476 2417 586 2489 Bauer,
619 2415 680 2487 alii,
710 2434 847 2492 quaeque
869 2434 906 2473 ex
928 2410 980 2486 eis,
1016 2434 1093 2492 quae
1116 2416 1218 2475 attuli·

139 2565 218 2617 mua,
243 2539 379 2618 intellegi
410 2559 498 2618 posse
521 2535 712 2597 arbitramur.

246 2697 271 2757 Ι.
316 2683 416 2771 Λόγοι
450 2693 481 2750 in
516 2689 666 2770 prioribus
697 2688 890 2749 historiarum
913 2689 1000 2749 libris
1023 2710 1082 2748 non
1108 2691 1220 2750 intelli-

140 2817 232 2898 gendi
254 2825 327 2877 sunt
349 2822 447 2872 certae
470 2811 618 2890 quaedam
640 2830 750 2888 eaeque
773 2809 1144 2900 ampliorestraditiones,
1169 2811 1220 2871 sed

142 2947 175 2998 et
203 2935 337 3015 singulae
373 2933 561 2994 narrationes
599 2939 628 2989 et
664 2938 765 3008 partes
800 2929 958 3008 quaedam,
997 2929 1100 3009 capita
1129 2930 1220 2991 totius

141 3056 242 3136 operis
266 3055 408 3116 historici.

247 3211 289 3272 Il.
336 3198 436 3287 Λόγοι
459 3209 489 3267 in
513 3205 728 3286 posterioribus
751 3202 942 3263 historiarum
967 3200 1061 3275 libris,
1082 3203 1221 3280 quisunt

141 3334 179 3392 de
203 3331 290 3393 bellis
306 3331 443 3403 Persicis,
466 3328 642 3408 plerumque
666 3323 799 3402 singulas
824 3323 970 3402 quasdam
995 3322 1042 3383 vel
1067 3322 1220 3381 hominum

140 3452 189 3516 vel
222 3458 355 3533 gentium
379 3449 556 3512 traditiones
590 3445 769 3526 significant,
808 3465 885 3524 quae
916 3464 974 3503 non
1000 3444 1087 3504 certis
1108 3441 1221 3501 finibus
1303 3471 1306 3480 ·

139 3575 395 3654 circumscriptae,
422 3570 592 3631 accuratius
615 3564 746 3626 discerni
768 3585 827 3623 non
847 3572 982 3643 possunt.

247 3728 307 3787 ΙΙΙ.
355 3725 497 3786 Historia
518 3744 616 3783 rerum
645 3741 711 3782 cum
735 3717 836 3779 Persis
857 3725 1010 3797 gestarum
1042 3716 1125 3795 prius
1151 3735 1220 3776 con·

141 3848 258 3926 scripta
273 3859 327 3922 est,
351 3867 442 3926 quam
455 3845 589 3924 plerique
612 3843 681 3903 libri
700 3861 782 3900 nunc
798 3837 1018 3904 antecedentes,
1041 3847 1071 3897 et
1094 3836 1219 3915 amplio-

143 3991 192 4028 res
215 3969 334 4048 quidem
360 3968 441 4028 illius
465 3975 565 4046 partes
588 3964 647 4022 iam
673 3983 752 4021 anno
777 3961 839 4020 lli)
863 3958 1013 4040 perfectae
1037 3967 1131 4018 eraut.
