2774 4434
646 286 857 347 *18-

211 489 291 572 quod
314 491 409 552 altero
432 491 498 552 loco
520 491 646 566 dicitur,
676 492 846 572 corrigitur,
877 467 960 554 VIII
984 492 1025 553 98
1048 502 1078 554 et
1099 493 1131 554 V
1157 493 1229 552 52-
1243 494 1296 566 54,

212 613 264 673 ubi
296 613 347 675 via
385 612 467 692 regia
504 614 728 674 accuratissime
757 613 945 687 describitur,
974 633 1041 673 curn
1074 613 1128 672 illo
1160 613 1225 674 loco
1257 615 1296 674 de

212 735 280 796 viae
311 733 501 813 longitudine
528 733 604 793 nihil
628 735 737 796 certius
758 755 973 815 comperamus.
1019 734 1084 795 VII
1109 733 1127 792 8
1151 733 1294 794 Sardium

213 855 404 936 expugnatio
437 855 568 916 breviter
600 864 867 931 commemoratur,
901 856 931 916 V
964 853 1021 915 101
1055 854 1160 915 multis
1194 855 1294 916 verbis

216 985 366 1050 narratur,
390 977 505 1039 scilicet
526 977 598 1057 quia
621 978 658 1038 de
680 977 738 1038 hac
760 999 791 1039 re
813 977 920 1037 melius
943 977 1038 1039 scivit.

316 1097 451 1157 Tertium
478 1107 698 1177 argumentum,
721 1119 780 1177 quo
804 1117 871 1157 cum
896 1097 934 1170 id,
958 1097 1038 1176 quod
1059 1116 1150 1175 supra
1174 1105 1294 1157 conteu-

210 1218 321 1293 dimus,
347 1217 549 1290 confirmatur,
573 1225 636 1277 turn
661 1217 754 1291 illud,
784 1209 974 1278 Herodotum
998 1237 1057 1276 non
1084 1215 1225 1295 deinceps
1249 1238 1292 1289 eo,

211 1361 270 1419 quo
293 1359 374 1399 nunc
397 1338 525 1411 utimur,
555 1336 659 1399 ordine
681 1338 843 1417 scripsisse,
867 1338 918 1398 sed
953 1337 1068 1416 priores
1099 1336 1292 1397 historiarum

214 1468 316 1538 partes
338 1459 386 1521 vel
409 1459 501 1520 libros
525 1460 739 1538 posterioribus
763 1459 966 1539 composuisse
988 1458 1071 1519 vitae
1094 1458 1292 1536 temporibus,

210 1578 280 1640 inde
303 1601 422 1659 quoque
443 1600 550 1658 capere
571 1580 650 1652 licet,
670 1580 750 1658 quod
774 1579 804 1638 in
822 1579 972 1658 prioribus
993 1578 1079 1638 libris
1096 1577 1293 1639 inveniuntur

212 1699 280 1773 loci,
304 1720 379 1779 quos
402 1699 540 1772 Thuriis,
570 1721 629 1778 qno
658 1699 784 1779 scriptor
815 1707 883 1778 post
913 1720 1025 1759 aunum
1056 1697 1119 1758 444
1144 1700 1291 1777 pervenit,

213 1821 339 1899 scriptos
366 1840 430 1880 esse
451 1839 539 1880 nemo
561 1841 621 1880 uon
647 1820 776 1899 negabit,
799 1820 883 1882 velut
906 1821 922 1880 I
946 1818 1015 1893 166,
1036 1819 1088 1880 ΙΙΙ
1111 1817 1290 1894 130-139,

210 1940 241 2001 V
264 1940 316 2016 44,
341 1939 404 2013 alii,
424 1961 499 2020 quos
522 1941 619 2001 Roese
631 1939 655 2020 ¹)
685 1949 847 2002 enumerat.
895 1940 1033 2020 Denique
1054 1948 1089 2000 ut
1112 1939 1196 2000 aliud
1220 1941 1291 2002 affe-

211 2081 275 2120 ram
300 2059 486 2139 exemplum,
521 2080 559 2119 ex
588 2081 648 2139 quo
680 2059 717 2120 de
747 2061 860 2136 ordine,
893 2080 952 2140 quo
989 2059 1142 2139 scripserit
1175 2069 1290 2133 auctor,

211 2181 415 2242 coniecturam
439 2181 539 2242 facere
561 2200 731 2260 possumus,
754 2181 903 2261 quomodo
927 2181 989 2242 fieri
1010 2181 1117 2260 potuit,
1140 2189 1175 2240 ut
1190 2181 1291 2240 Hero·

210 2290 298 2363 dotus
321 2301 373 2361 III
391 2299 432 2362 60
456 2301 607 2375 scriberet,
631 2311 792 2382 antequam
814 2303 848 2363 II
874 2303 933 2362 148
957 2301 1145 2382 composuit?

312 2421 370 2482 Sed
394 2421 532 2501 quaeda
563 2423 765 2501 temporibus,
797 2422 906 2502 quibus
938 2422 1066 2502 scriptor
1096 2421 1189 2481 libros
1222 2441 1294 2481 suos

208 2542 424 2622 composuerit,
447 2540 506 2601 dici
530 2543 663 2620 possint,
684 2545 834 2623 quomodo
862 2565 929 2604 cum
961 2544 1020 2612 eis,
1053 2563 1128 2622 quae
1156 2540 1193 2599 dc
1225 2543 1296 2602 vita
1362 2534 1363 2547 ¹

211 2663 361 2724 Herodoti
383 2661 553 2736 statuimus,
573 2664 773 2737 consentiant,
797 2664 963 2726 videamus.

313 2783 346 2845 Si
368 2807 472 2847 verum
498 2795 561 2859 est,
586 2787 777 2848 Herodotum
802 2807 882 2848 anno
904 2787 967 2847 fere
989 2785 1052 2846 445
1077 2784 1207 2845 Athenis
1237 2784 1295 2843 ali-

209 2904 281 2983 quid
305 2905 464 2976 recitasse,
500 2917 570 2968 ante
599 2928 667 2968 eum
700 2929 811 2969 annum
846 2907 997 2987 scripserit
1025 2905 1139 2985 aliquid
1171 2923 1295 2964 necesse

208 3037 261 3101 cst,
284 3037 319 3088 ut
344 3028 495 3103 Haehez2)
531 3039 610 3090 recte
633 3030 742 3091 docuit.
786 3031 892 3110 Neque
916 3029 1075 3090 abhorrere
1091 3049 1193 3090 avaro
1209 3036 1293 3106 puto,

208 3150 362 3229 scripsisse
384 3171 449 3210 eum
474 3149 558 3210 Sami
584 3159 613 3211 et
635 3172 712 3230 quae
734 3151 912 3230 dignissima
933 3159 1050 3225 essent,
1085 3158 1120 3209 ut
1142 3148 1293 3209 describe·

208 3280 325 3344 rentur,
358 3280 388 3331 et
407 3291 485 3349 quae
511 3271 649 3350 scriptori
678 3272 737 3351 ipsi
774 3273 905 3333 maxime
934 3280 1008 3332 nota
1038 3271 1175 3332 fuissent.
1221 3271 1294 3346 Quo

208 3391 368 3471 praecipue
390 3390 521 3469 pertiuet
543 3390 657 3452 Jonum
681 3391 814 3464 rebellio,
837 3413 914 3471 quae
931 3391 1013 3452 bella
1032 3391 1088 3451 illa
1110 3391 1296 3470 gravissima

113 3519 115 3524 ’
208 3515 286 3574 inter
310 3513 417 3574 Persas
441 3511 635 3591 Graecosque
657 3522 743 3591 gesta
770 3513 893 3592 peperit.
940 3513 1043 3592 Atque
1066 3533 1133 3573 cum
1163 3513 1297 3591 scriptor

207 3631 339 3693 maxime
361 3631 392 3691 id
417 3639 534 3710 ageret,
558 3640 591 3691 ut
615 3652 692 3710 quae
711 3631 803 3693 fuerit
827 3653 919 3692 causa
952 3631 1180 3692 inimicitiarum
1215 3632 1297 3692 inter

314 3887 334 3965 1)
361 3887 509 3948 Fleckeis.
535 3882 665 3947 ..talu-bb.
689 3887 711 3948 f.
735 3887 844 3950 Philol.
868 3910 896 3950 v.
922 3887 992 3963 115,
1012 3909 1041 3966 p.
1065 3877 1225 3947 260--6't

317 3992 343 4070 ⁸²)
366 3991 413 4049 Dc
436 3991 586 4052 Herodoti
613 3989 769 4049 itineribus
793 4001 849 4050 etc.
874 3991 945 4050 diss.
969 3991 1105 4068 Gottiug.
1132 3989 1224 4050 1878.
