<?xml version="1.0" encoding="UTF-8"?>
<!DOCTYPE html PUBLIC "-//W3C//DTD XHTML 1.0 Transitional//EN"
    "http://www.w3.org/TR/xhtml1/DTD/xhtml1-transitional.dtd">
<html xmlns="http://www.w3.org/1999/xhtml" xml:lang="en" lang="en">
 <head>
  <title>
</title>
<meta http-equiv="Content-Type" content="text/html;charset=utf-8" />
  <meta name='ocr-system' content='tesseract 3.04.00' />
  <meta name='ocr-capabilities' content='ocr_page ocr_carea ocr_par ocr_line ocrx_word'/>
</head>
<body>
  <div class='ocr_page' id='page_1' title='image "./departibusquibu00doehgoog_0019.png"; bbox 0 0 2774 4434; ppageno 0'>
   <div class='ocr_carea' id='block_1_1' title="bbox 605 265 817 327">
    <p class='ocr_par' dir='ltr' id='par_1_1' title="bbox 605 265 817 327">
     <span class='ocr_line' id='line_1_1' title="bbox 605 265 817 327; baseline 0 -17"><span class='ocrx_word' id='word_1_1' title='bbox 605 265 817 327; x_wconf 63' lang='lat'>..14-</span> 
     </span>
    </p>
   </div>
   <div class='ocr_carea' id='block_1_2' title="bbox 169 470 1256 1400">
    <p class='ocr_par' dir='ltr' id='par_1_2' title="bbox 169 470 1256 1277">
     <span class='ocr_line' id='line_1_2' title="bbox 173 470 1256 552; baseline 0.003 -22"><span class='ocrx_word' id='word_1_2' title='bbox 173 470 322 550; x_wconf 90' lang='lat' dir='ltr'>quasdam</span> <span class='ocrx_word' id='word_1_3' title='bbox 344 470 521 532; x_wconf 81' lang='lat' dir='ltr'><strong>traditiones</strong></span> <span class='ocrx_word' id='word_1_4' title='bbox 545 491 609 532; x_wconf 90' lang='lat' dir='ltr'>esse</span> <span class='ocrx_word' id='word_1_5' title='bbox 630 471 660 530; x_wconf 92' lang='lat' dir='ltr'>in</span> <span class='ocrx_word' id='word_1_6' title='bbox 685 471 825 536; x_wconf 90' lang='lat' dir='ltr'>omnibus</span> <span class='ocrx_word' id='word_1_7' title='bbox 843 471 929 532; x_wconf 88' lang='lat' dir='ltr'>libris</span> <span class='ocrx_word' id='word_1_8' title='bbox 950 471 1032 533; x_wconf 91' lang='lat' dir='ltr'>haud</span> <span class='ocrx_word' id='word_1_9' title='bbox 1054 491 1173 552; x_wconf 88' lang='lat' dir='ltr'>negare,</span> <span class='ocrx_word' id='word_1_10' title='bbox 1196 471 1256 534; x_wconf 89' lang='lat' dir='ltr'>sed</span> 
     </span>
     <span class='ocr_line' id='line_1_3' title="bbox 172 590 1255 673; baseline 0.004 -23"><span class='ocrx_word' id='word_1_11' title='bbox 172 590 242 652; x_wconf 91' lang='lat' dir='ltr'>illos</span> <span class='ocrx_word' id='word_1_12' title='bbox 279 613 316 652; x_wconf 84' lang='lat' dir='ltr'>ex</span> <span class='ocrx_word' id='word_1_13' title='bbox 355 593 397 653; x_wconf 89' lang='lat' dir='ltr'>eis</span> <span class='ocrx_word' id='word_1_14' title='bbox 439 593 619 672; x_wconf 90' lang='lat' dir='ltr'>compositos</span> <span class='ocrx_word' id='word_1_15' title='bbox 648 613 720 666; x_wconf 86' lang='lat' dir='ltr'>esse,</span> <span class='ocrx_word' id='word_1_16' title='bbox 757 592 918 654; x_wconf 83' lang='lat' dir='ltr'>concedere</span> <span class='ocrx_word' id='word_1_17' title='bbox 947 613 1008 654; x_wconf 92' lang='lat' dir='ltr'>non</span> <span class='ocrx_word' id='word_1_18' title='bbox 1035 613 1132 672; x_wconf 89' lang='lat' dir='ltr'>posse,</span> <span class='ocrx_word' id='word_1_19' title='bbox 1169 593 1255 673; x_wconf 93' lang='lat' dir='ltr'>quod</span> 
     </span>
     <span class='ocr_line' id='line_1_4' title="bbox 171 712 1254 794; baseline 0.001 -21"><span class='ocrx_word' id='word_1_20' title='bbox 171 712 276 794; x_wconf 90' lang='lat' dir='ltr'>paullo</span> <span class='ocrx_word' id='word_1_21' title='bbox 309 713 391 774; x_wconf 87' lang='lat' dir='ltr'>infra</span> <span class='ocrx_word' id='word_1_22' title='bbox 426 714 630 775; x_wconf 89' lang='lat' dir='ltr'>demonstrare</span> <span class='ocrx_word' id='word_1_23' title='bbox 670 714 857 775; x_wconf 79' lang='lat' dir='ltr'><strong>conabimur.</strong></span> <span class='ocrx_word' id='word_1_24' title='bbox 923 714 1059 788; x_wconf 82' lang='lat' dir='ltr'>Accedit,</span> <span class='ocrx_word' id='word_1_25' title='bbox 1098 714 1188 793; x_wconf 90' lang='lat' dir='ltr'>quod,</span> <span class='ocrx_word' id='word_1_26' title='bbox 1227 715 1254 775; x_wconf 88' lang='lat' dir='ltr'>si</span> 
     </span>
     <span class='ocr_line' id='line_1_5' title="bbox 173 835 1254 914; baseline 0.001 -19"><span class='ocrx_word' id='word_1_27' title='bbox 173 855 351 913; x_wconf 84' lang='lat' dir='ltr'>cognoscere</span> <span class='ocrx_word' id='word_1_28' title='bbox 372 835 521 909; x_wconf 91' lang='lat' dir='ltr'>volumus,</span> <span class='ocrx_word' id='word_1_29' title='bbox 543 835 694 914; x_wconf 91' lang='lat' dir='ltr'>quomodo</span> <span class='ocrx_word' id='word_1_30' title='bbox 717 835 893 897; x_wconf 91' lang='lat' dir='ltr'>Herodotus</span> <span class='ocrx_word' id='word_1_31' title='bbox 913 835 1055 898; x_wconf 90' lang='lat' dir='ltr'>historias</span> <span class='ocrx_word' id='word_1_32' title='bbox 1078 855 1149 896; x_wconf 89' lang='lat' dir='ltr'>suas</span> <span class='ocrx_word' id='word_1_33' title='bbox 1171 856 1254 896; x_wconf 90' lang='lat' dir='ltr'>corn-</span> 
     </span>
     <span class='ocr_line' id='line_1_6' title="bbox 171 955 1254 1039; baseline 0.006 -25"><span class='ocrx_word' id='word_1_34' title='bbox 171 955 319 1034; x_wconf 82' lang='lat' dir='ltr'>posuerit,</span> <span class='ocrx_word' id='word_1_35' title='bbox 343 964 414 1016; x_wconf 87' lang='lat' dir='ltr'>ante</span> <span class='ocrx_word' id='word_1_36' title='bbox 448 956 550 1016; x_wconf 92' lang='lat' dir='ltr'>omnia</span> <span class='ocrx_word' id='word_1_37' title='bbox 571 955 658 1016; x_wconf 91' lang='lat' dir='ltr'>nobis</span> <span class='ocrx_word' id='word_1_38' title='bbox 681 955 886 1036; x_wconf 89' lang='lat' dir='ltr'>quaerendum</span> <span class='ocrx_word' id='word_1_39' title='bbox 907 965 960 1029; x_wconf 91' lang='lat' dir='ltr'>est,</span> <span class='ocrx_word' id='word_1_40' title='bbox 984 977 1043 1036; x_wconf 91' lang='lat' dir='ltr'>quo</span> <span class='ocrx_word' id='word_1_41' title='bbox 1066 964 1199 1039; x_wconf 92' lang='lat' dir='ltr'>tempore</span> <span class='ocrx_word' id='word_1_42' title='bbox 1221 968 1254 1020; x_wconf 90' lang='lat' dir='ltr'>et</span> 
     </span>
     <span class='ocr_line' id='line_1_7' title="bbox 171 1075 1252 1158; baseline 0.005 -23"><span class='ocrx_word' id='word_1_43' title='bbox 171 1075 224 1136; x_wconf 94' lang='lat' dir='ltr'>ubi</span> <span class='ocrx_word' id='word_1_44' title='bbox 254 1096 305 1136; x_wconf 92' lang='lat' dir='ltr'>eas</span> <span class='ocrx_word' id='word_1_45' title='bbox 334 1075 549 1155; x_wconf 85' lang='lat' dir='ltr'>composuerit,</span> <span class='ocrx_word' id='word_1_46' title='bbox 573 1075 653 1136; x_wconf 89' lang='lat' dir='ltr'>unde</span> <span class='ocrx_word' id='word_1_47' title='bbox 676 1076 842 1157; x_wconf 83' lang='lat' dir='ltr'>apparebit,</span> <span class='ocrx_word' id='word_1_48' title='bbox 874 1086 974 1138; x_wconf 90' lang='lat' dir='ltr'>utrum</span> <span class='ocrx_word' id='word_1_49' title='bbox 998 1077 1135 1158; x_wconf 82' lang='lat' dir='ltr'>singulae</span> <span class='ocrx_word' id='word_1_50' title='bbox 1157 1079 1252 1140; x_wconf 89' lang='lat' dir='ltr'>histo-</span> 
     </span>
     <span class='ocr_line' id='line_1_8' title="bbox 169 1198 979 1277; baseline 0.004 -21"><span class='ocrx_word' id='word_1_51' title='bbox 169 1198 283 1259; x_wconf 90' lang='lat' dir='ltr'>riarum</span> <span class='ocrx_word' id='word_1_52' title='bbox 306 1205 407 1276; x_wconf 90' lang='lat' dir='ltr'>partes</span> <span class='ocrx_word' id='word_1_53' title='bbox 429 1218 483 1277; x_wconf 93' lang='lat' dir='ltr'>per</span> <span class='ocrx_word' id='word_1_54' title='bbox 505 1218 536 1260; x_wconf 89' lang='lat' dir='ltr'>se</span> <span class='ocrx_word' id='word_1_55' title='bbox 556 1198 745 1277; x_wconf 81' lang='lat' dir='ltr'>conscriptae</span> <span class='ocrx_word' id='word_1_56' title='bbox 767 1198 836 1273; x_wconf 92' lang='lat' dir='ltr'>sint,</span> <span class='ocrx_word' id='word_1_57' title='bbox 857 1219 912 1259; x_wconf 91' lang='lat' dir='ltr'>nec</span> <span class='ocrx_word' id='word_1_58' title='bbox 935 1219 979 1260; x_wconf 91' lang='lat' dir='ltr'>ne.</span> 
     </span>
    </p>

    <p class='ocr_par' dir='ltr' id='par_1_3' title="bbox 274 1318 1252 1400">
     <span class='ocr_line' id='line_1_9' title="bbox 274 1318 1252 1400; baseline 0.002 -21"><span class='ocrx_word' id='word_1_59' title='bbox 274 1318 433 1380; x_wconf 89' lang='lat' dir='ltr'>Permulta</span> <span class='ocrx_word' id='word_1_60' title='bbox 456 1339 521 1380; x_wconf 90' lang='lat' dir='ltr'>csse</span> <span class='ocrx_word' id='word_1_61' title='bbox 544 1319 701 1400; x_wconf 88' lang='lat' dir='ltr'>disputata</span> <span class='ocrx_word' id='word_1_62' title='bbox 723 1319 760 1380; x_wconf 90' lang='lat' dir='ltr'>de</span> <span class='ocrx_word' id='word_1_63' title='bbox 782 1319 847 1382; x_wconf 89' lang='lat' dir='ltr'>vita</span> <span class='ocrx_word' id='word_1_64' title='bbox 868 1328 898 1380; x_wconf 86' lang='lat' dir='ltr'>et</span> <span class='ocrx_word' id='word_1_65' title='bbox 919 1320 1077 1381; x_wconf 88' lang='lat' dir='ltr'>itineribus</span> <span class='ocrx_word' id='word_1_66' title='bbox 1097 1319 1252 1383; x_wconf 88' lang='lat' dir='ltr'>Herodoti</span> 
     </span>
    </p>
   </div>
   <div class='ocr_carea' id='block_1_3' title="bbox 171 1437 1251 1522">
    <p class='ocr_par' dir='ltr' id='par_1_4' title="bbox 171 1437 1251 1522">
     <span class='ocr_line' id='line_1_10' title="bbox 171 1437 1251 1522; baseline 0.004 -22"><span class='ocrx_word' id='word_1_67' title='bbox 171 1461 239 1500; x_wconf 91' lang='lat' dir='ltr'>cum</span> <span class='ocrx_word' id='word_1_68' title='bbox 262 1440 335 1501; x_wconf 91' lang='lat' dir='ltr'>satis</span> <span class='ocrx_word' id='word_1_69' title='bbox 359 1449 465 1502; x_wconf 92' lang='lat' dir='ltr'>notum</span> <span class='ocrx_word' id='word_1_70' title='bbox 488 1437 563 1518; x_wconf 77' lang='lat' dir='ltr'>sit1),</span> <span class='ocrx_word' id='word_1_71' title='bbox 586 1441 643 1502; x_wconf 90' lang='lat' dir='ltr'>hoc</span> <span class='ocrx_word' id='word_1_72' title='bbox 666 1441 732 1501; x_wconf 90' lang='lat' dir='ltr'>loco</span> <span class='ocrx_word' id='word_1_73' title='bbox 752 1450 899 1502; x_wconf 87' lang='lat' dir='ltr'>recentem</span> <span class='ocrx_word' id='word_1_74' title='bbox 921 1441 958 1502; x_wconf 91' lang='lat' dir='ltr'>de</span> <span class='ocrx_word' id='word_1_75' title='bbox 980 1441 1083 1503; x_wconf 90' lang='lat' dir='ltr'>eadem</span> <span class='ocrx_word' id='word_1_76' title='bbox 1107 1462 1138 1502; x_wconf 92' lang='lat' dir='ltr'>re</span> <span class='ocrx_word' id='word_1_77' title='bbox 1159 1461 1251 1522; x_wconf 89' lang='lat' dir='ltr'>quae·</span> 
     </span>
    </p>
   </div>
   <div class='ocr_carea' id='block_1_4' title="bbox 169 1561 1251 1643">
    <p class='ocr_par' dir='ltr' id='par_1_5' title="bbox 169 1561 1251 1643">
     <span class='ocr_line' id='line_1_11' title="bbox 169 1561 1251 1643; baseline 0.003 -21"><span class='ocrx_word' id='word_1_78' title='bbox 169 1561 295 1622; x_wconf 90' lang='lat' dir='ltr'>stionem</span> <span class='ocrx_word' id='word_1_79' title='bbox 318 1561 418 1624; x_wconf 86' lang='lat' dir='ltr'>facere</span> <span class='ocrx_word' id='word_1_80' title='bbox 439 1561 526 1621; x_wconf 89' lang='lat' dir='ltr'>nobis</span> <span class='ocrx_word' id='word_1_81' title='bbox 559 1561 590 1620; x_wconf 92' lang='lat' dir='ltr'>in</span> <span class='ocrx_word' id='word_1_82' title='bbox 615 1561 716 1621; x_wconf 90' lang='lat' dir='ltr'>animo</span> <span class='ocrx_word' id='word_1_83' title='bbox 745 1582 805 1622; x_wconf 91' lang='lat' dir='ltr'>non</span> <span class='ocrx_word' id='word_1_84' title='bbox 828 1571 888 1635; x_wconf 91' lang='lat' dir='ltr'>est;</span> <span class='ocrx_word' id='word_1_85' title='bbox 925 1561 975 1623; x_wconf 90' lang='lat' dir='ltr'>sed</span> <span class='ocrx_word' id='word_1_86' title='bbox 1000 1583 1038 1623; x_wconf 88' lang='lat' dir='ltr'>ex</span> <span class='ocrx_word' id='word_1_87' title='bbox 1061 1563 1134 1640; x_wconf 89' lang='lat' dir='ltr'>illis,</span> <span class='ocrx_word' id='word_1_88' title='bbox 1169 1585 1251 1643; x_wconf 93' lang='lat' dir='ltr'>quae</span> 
     </span>
    </p>
   </div>
   <div class='ocr_carea' id='block_1_5' title="bbox 166 1681 1250 2126">
    <p class='ocr_par' dir='ltr' id='par_1_6' title="bbox 168 1681 1250 1881">
     <span class='ocr_line' id='line_1_12' title="bbox 168 1681 1250 1771; baseline 0.006 -31"><span class='ocrx_word' id='word_1_89' title='bbox 168 1681 221 1741; x_wconf 91' lang='lat' dir='ltr'>alii</span> <span class='ocrx_word' id='word_1_90' title='bbox 243 1681 281 1742; x_wconf 93' lang='lat' dir='ltr'>de</span> <span class='ocrx_word' id='word_1_91' title='bbox 303 1702 339 1752; x_wconf 86' lang='lat' dir='ltr'>ea</span> <span class='ocrx_word' id='word_1_92' title='bbox 369 1702 400 1742; x_wconf 91' lang='lat' dir='ltr'>re</span> <span class='ocrx_word' id='word_1_93' title='bbox 430 1681 648 1751; x_wconf 85' lang='lat' dir='ltr'>disseruerunt,</span> <span class='ocrx_word' id='word_1_94' title='bbox 690 1682 782 1771; x_wconf 87' lang='lat' dir='ltr'>liceat</span> <span class='ocrx_word' id='word_1_95' title='bbox 818 1683 958 1763; x_wconf 88' lang='lat' dir='ltr'>proferre,</span> <span class='ocrx_word' id='word_1_96' title='bbox 998 1705 1076 1763; x_wconf 92' lang='lat' dir='ltr'>quae</span> <span class='ocrx_word' id='word_1_97' title='bbox 1115 1684 1250 1746; x_wconf 85' lang='lat' dir='ltr'>maxime</span> 
     </span>
     <span class='ocr_line' id='line_1_13' title="bbox 168 1801 621 1881; baseline 0.007 -20"><span class='ocrx_word' id='word_1_98' title='bbox 168 1801 343 1881; x_wconf 89' lang='lat' dir='ltr'>probabilia</span> <span class='ocrx_word' id='word_1_99' title='bbox 363 1822 428 1864; x_wconf 90' lang='lat' dir='ltr'>esse</span> <span class='ocrx_word' id='word_1_100' title='bbox 451 1801 621 1864; x_wconf 85' lang='lat' dir='ltr'>videantur.</span> 
     </span>
    </p>

    <p class='ocr_par' dir='ltr' id='par_1_7' title="bbox 166 1923 1249 2126">
     <span class='ocr_line' id='line_1_14' title="bbox 269 1923 1249 2002; baseline 0.003 -18"><span class='ocrx_word' id='word_1_101' title='bbox 269 1923 371 1984; x_wconf 87' lang='lat' dir='ltr'>Natus</span> <span class='ocrx_word' id='word_1_102' title='bbox 393 1933 438 1985; x_wconf 93' lang='lat' dir='ltr'>est</span> <span class='ocrx_word' id='word_1_103' title='bbox 461 1924 638 1985; x_wconf 91' lang='lat' dir='ltr'>Herodotus</span> <span class='ocrx_word' id='word_1_104' title='bbox 669 1923 746 1984; x_wconf 88' lang='lat' dir='ltr'>inter</span> <span class='ocrx_word' id='word_1_105' title='bbox 769 1943 882 1986; x_wconf 90' lang='lat' dir='ltr'>annum</span> <span class='ocrx_word' id='word_1_106' title='bbox 914 1923 978 1986; x_wconf 89' lang='grc'>490</span> <span class='ocrx_word' id='word_1_107' title='bbox 1001 1935 1031 1987; x_wconf 90' lang='lat' dir='ltr'>et</span> <span class='ocrx_word' id='word_1_108' title='bbox 1053 1924 1125 2002; x_wconf 88' lang='grc'>480,</span> <span class='ocrx_word' id='word_1_109' title='bbox 1149 1927 1198 1990; x_wconf 89' lang='lat' dir='ltr'>vel</span> <span class='ocrx_word' id='word_1_110' title='bbox 1221 1929 1249 1988; x_wconf 88' lang='lat' dir='ltr'>si</span> 
     </span>
     <span class='ocr_line' id='line_1_15' title="bbox 166 2040 1248 2126; baseline 0 -18"><span class='ocrx_word' id='word_1_111' title='bbox 166 2045 301 2108; x_wconf 83' lang='lat' dir='ltr'>Gellium</span> <span class='ocrx_word' id='word_1_112' title='bbox 325 2041 378 2125; x_wconf 88' lang='lat' dir='ltr'>(N.</span> <span class='ocrx_word' id='word_1_113' title='bbox 403 2045 442 2106; x_wconf 91' lang='lat' dir='ltr'>A.</span> <span class='ocrx_word' id='word_1_114' title='bbox 466 2045 531 2106; x_wconf 88' lang='lat' dir='ltr'>XV</span> <span class='ocrx_word' id='word_1_115' title='bbox 553 2040 608 2126; x_wconf 75' lang='lat'>23)</span> <span class='ocrx_word' id='word_1_116' title='bbox 633 2045 793 2124; x_wconf 89' lang='lat' dir='ltr'>sequimur,</span> <span class='ocrx_word' id='word_1_117' title='bbox 829 2066 909 2106; x_wconf 92' lang='lat' dir='ltr'>anno</span> <span class='ocrx_word' id='word_1_118' title='bbox 938 2047 1000 2108; x_wconf 89' lang='lat' dir='ltr'>fere</span> <span class='ocrx_word' id='word_1_119' title='bbox 1023 2045 1094 2109; x_wconf 86' lang='grc'><strong>484.</strong></span> <span class='ocrx_word' id='word_1_120' title='bbox 1141 2048 1248 2109; x_wconf 90' lang='lat' dir='ltr'>Patria</span> 
     </span>
    </p>
   </div>
   <div class='ocr_carea' id='block_1_6' title="bbox 166 2164 1247 2246">
    <p class='ocr_par' dir='ltr' id='par_1_8' title="bbox 166 2164 1247 2246">
     <span class='ocr_line' id='line_1_16' title="bbox 166 2164 1247 2246; baseline 0.002 -18"><span class='ocrx_word' id='word_1_121' title='bbox 166 2167 231 2228; x_wconf 89' lang='lat' dir='ltr'>eius</span> <span class='ocrx_word' id='word_1_122' title='bbox 268 2174 333 2226; x_wconf 91' lang='lat' dir='ltr'>erat</span> <span class='ocrx_word' id='word_1_123' title='bbox 365 2165 615 2239; x_wconf 83' lang='lat' dir='ltr'>Halicarnassus,</span> <span class='ocrx_word' id='word_1_124' title='bbox 654 2165 726 2226; x_wconf 93' lang='lat' dir='ltr'>urbs</span> <span class='ocrx_word' id='word_1_125' title='bbox 759 2164 868 2226; x_wconf 81' lang='lat' dir='ltr'>Cariae</span> <span class='ocrx_word' id='word_1_126' title='bbox 890 2167 1003 2228; x_wconf 91' lang='lat' dir='ltr'>Dorica</span> <span class='ocrx_word' id='word_1_127' title='bbox 1042 2167 1156 2246; x_wconf 87' lang='lat' dir='ltr'>origine</span> <span class='ocrx_word' id='word_1_128' title='bbox 1189 2169 1247 2230; x_wconf 90' lang='lat' dir='ltr'>sub</span> 
     </span>
    </p>
   </div>
   <div class='ocr_carea' id='block_1_7' title="bbox 164 2353 1247 4000">
    <p class='ocr_par' dir='ltr' id='par_1_9' title="bbox 169 2353 1247 2592">
     <span class='ocr_line' id='line_1_17' title="bbox 169 2353 1247 2436; baseline 0.002 -19"><span class='ocrx_word' id='word_1_129' title='bbox 169 2355 192 2436; x_wconf 82' lang='lat'>¹)</span> <span class='ocrx_word' id='word_1_130' title='bbox 214 2356 253 2417; x_wconf 91' lang='lat' dir='ltr'>cf.</span> <span class='ocrx_word' id='word_1_131' title='bbox 291 2355 327 2417; x_wconf 87' lang='lat' dir='ltr'>F.</span> <span class='ocrx_word' id='word_1_132' title='bbox 355 2356 388 2418; x_wconf 83' lang='lat' dir='ltr'>O.</span> <span class='ocrx_word' id='word_1_133' title='bbox 425 2355 649 2428; x_wconf 88' lang='lat' dir='ltr'>Dahlmann,</span> <span class='ocrx_word' id='word_1_134' title='bbox 682 2353 829 2416; x_wconf 89' lang='lat' dir='ltr'>Herodot.</span> <span class='ocrx_word' id='word_1_135' title='bbox 889 2357 957 2417; x_wconf 92' lang='lat' dir='ltr'>Aus</span> <span class='ocrx_word' id='word_1_136' title='bbox 995 2357 1105 2418; x_wconf 90' lang='lat' dir='ltr'>scinem</span> <span class='ocrx_word' id='word_1_137' title='bbox 1141 2358 1247 2420; x_wconf 90' lang='lat' dir='ltr'>Buche</span> 
     </span>
     <span class='ocr_line' id='line_1_18' title="bbox 209 2441 1244 2524; baseline 0.002 -21"><span class='ocrx_word' id='word_1_138' title='bbox 209 2444 271 2504; x_wconf 89' lang='lat' dir='ltr'>sein</span> <span class='ocrx_word' id='word_1_139' title='bbox 286 2443 398 2506; x_wconf 91' lang='lat' dir='ltr'>Leben.</span> <span class='ocrx_word' id='word_1_140' title='bbox 443 2442 674 2524; x_wconf 82' lang='lat' dir='ltr'>(Forschungen</span> <span class='ocrx_word' id='word_1_141' title='bbox 699 2442 756 2502; x_wconf 86' lang='lat' dir='ltr'>auf</span> <span class='ocrx_word' id='word_1_142' title='bbox 765 2441 832 2503; x_wconf 90' lang='lat' dir='ltr'>dem</span> <span class='ocrx_word' id='word_1_143' title='bbox 850 2442 961 2505; x_wconf 84' lang='lat' dir='ltr'>Gebiet</span> <span class='ocrx_word' id='word_1_144' title='bbox 983 2442 1010 2506; x_wconf 95' lang='lat' dir='ltr'>d.</span> <span class='ocrx_word' id='word_1_145' title='bbox 1027 2444 1136 2507; x_wconf 86' lang='lat' dir='ltr'>Gesch.</span> <span class='ocrx_word' id='word_1_146' title='bbox 1153 2444 1244 2523; x_wconf 86' lang='lat'>111.)</span> 
     </span>
     <span class='ocr_line' id='line_1_19' title="bbox 208 2529 438 2592; baseline 0.004 -1"><span class='ocrx_word' id='word_1_147' title='bbox 208 2531 325 2592; x_wconf 88' lang='lat' dir='ltr'>Altona</span> <span class='ocrx_word' id='word_1_148' title='bbox 347 2529 438 2592; x_wconf 85' lang='lat'>1823.</span> 
     </span>
    </p>

    <p class='ocr_par' dir='ltr' id='par_1_10' title="bbox 167 2613 1007 2696">
     <span class='ocr_line' id='line_1_20' title="bbox 167 2613 1007 2696; baseline 0 -20"><span class='ocrx_word' id='word_1_149' title='bbox 167 2617 227 2678; x_wconf 92' lang='lat' dir='ltr'>Ad.</span> <span class='ocrx_word' id='word_1_150' title='bbox 251 2617 414 2694; x_wconf 84' lang='lat' dir='ltr'>Schoell,</span> <span class='ocrx_word' id='word_1_151' title='bbox 438 2617 615 2696; x_wconf 90' lang='lat' dir='ltr'>Philologus</span> <span class='ocrx_word' id='word_1_152' title='bbox 638 2615 688 2675; x_wconf 86' lang='lat' dir='ltr'>IX</span> <span class='ocrx_word' id='word_1_153' title='bbox 710 2613 777 2676; x_wconf 87' lang='lat'>193.</span> <span class='ocrx_word' id='word_1_154' title='bbox 815 2614 913 2675; x_wconf 76' lang='lat' dir='ltr'>Xan.</span> <span class='ocrx_word' id='word_1_155' title='bbox 936 2614 1007 2676; x_wconf 88' lang='lat'>410.</span> 
     </span>
    </p>

    <p class='ocr_par' dir='ltr' id='par_1_11' title="bbox 166 2699 1243 2867">
     <span class='ocr_line' id='line_1_21' title="bbox 166 2699 1243 2784; baseline -0.001 -20"><span class='ocrx_word' id='word_1_156' title='bbox 166 2703 199 2764; x_wconf 83' lang='lat' dir='ltr'>O.</span> <span class='ocrx_word' id='word_1_157' title='bbox 223 2703 259 2763; x_wconf 81' lang='lat' dir='ltr'>F.</span> <span class='ocrx_word' id='word_1_158' title='bbox 284 2703 412 2779; x_wconf 89' lang='lat' dir='ltr'>Baehr,</span> <span class='ocrx_word' id='word_1_159' title='bbox 434 2704 601 2766; x_wconf 81' lang='lat' dir='ltr'>Comment.</span> <span class='ocrx_word' id='word_1_160' title='bbox 634 2702 671 2762; x_wconf 92' lang='lat' dir='ltr'>de</span> <span class='ocrx_word' id='word_1_161' title='bbox 695 2701 758 2763; x_wconf 91' lang='lat' dir='ltr'>vita</span> <span class='ocrx_word' id='word_1_162' title='bbox 780 2711 810 2761; x_wconf 92' lang='lat' dir='ltr'>et</span> <span class='ocrx_word' id='word_1_163' title='bbox 844 2703 962 2782; x_wconf 87' lang='lat' dir='ltr'>scriptis</span> <span class='ocrx_word' id='word_1_164' title='bbox 993 2701 1107 2765; x_wconf 90' lang='lat' dir='ltr'>Herod.</span> <span class='ocrx_word' id='word_1_165' title='bbox 1131 2699 1243 2784; x_wconf 85' lang='lat' dir='ltr'>(Herc-</span> 
     </span>
     <span class='ocr_line' id='line_1_22' title="bbox 208 2783 830 2867; baseline -0.003 -19"><span class='ocrx_word' id='word_1_166' title='bbox 208 2790 270 2851; x_wconf 91' lang='lat' dir='ltr'>doti</span> <span class='ocrx_word' id='word_1_167' title='bbox 293 2791 401 2852; x_wconf 92' lang='lat' dir='ltr'>Musae</span> <span class='ocrx_word' id='word_1_168' title='bbox 419 2791 476 2852; x_wconf 89' lang='lat' dir='ltr'>vol.</span> <span class='ocrx_word' id='word_1_169' title='bbox 500 2790 557 2860; x_wconf 88' lang='lat' dir='ltr'>IV,</span> <span class='ocrx_word' id='word_1_170' title='bbox 582 2789 626 2850; x_wconf 89' lang='lat' dir='ltr'>ed.</span> <span class='ocrx_word' id='word_1_171' title='bbox 651 2789 698 2848; x_wconf 62' lang='grc' dir='ltr'>ΙΙἱι</span> <span class='ocrx_word' id='word_1_172' title='bbox 725 2783 830 2867; x_wconf 80' lang='lat'>1861).</span> 
     </span>
    </p>

    <p class='ocr_par' dir='ltr' id='par_1_12' title="bbox 165 2873 1061 2954">
     <span class='ocr_line' id='line_1_23' title="bbox 165 2873 1061 2954; baseline 0.001 -18"><span class='ocrx_word' id='word_1_173' title='bbox 165 2876 220 2938; x_wconf 89' lang='lat' dir='ltr'>Fr.</span> <span class='ocrx_word' id='word_1_174' title='bbox 252 2877 412 2953; x_wconf 81' lang='lat' dir='ltr'>Oreuzer,</span> <span class='ocrx_word' id='word_1_175' title='bbox 436 2877 551 2939; x_wconf 82' lang='lat' dir='ltr'>Comm.</span> <span class='ocrx_word' id='word_1_176' title='bbox 590 2874 706 2938; x_wconf 90' lang='lat' dir='ltr'>Herod.</span> <span class='ocrx_word' id='word_1_177' title='bbox 744 2875 828 2954; x_wconf 86' lang='lat' dir='ltr'>Lips.</span> <span class='ocrx_word' id='word_1_178' title='bbox 853 2873 944 2936; x_wconf 83' lang='lat'>1819.</span> <span class='ocrx_word' id='word_1_179' title='bbox 980 2875 1013 2936; x_wconf 90' lang='lat' dir='ltr'>P.</span> <span class='ocrx_word' id='word_1_180' title='bbox 1036 2875 1061 2937; x_wconf 92' lang='lat' dir='ltr'>I.</span> 
     </span>
    </p>

    <p class='ocr_par' dir='ltr' id='par_1_13' title="bbox 166 2960 1241 3043">
     <span class='ocr_line' id='line_1_24' title="bbox 166 2960 1241 3043; baseline 0.001 -20"><span class='ocrx_word' id='word_1_181' title='bbox 166 2963 204 3025; x_wconf 80' lang='lat' dir='ltr'>G.</span> <span class='ocrx_word' id='word_1_182' title='bbox 228 2965 264 3024; x_wconf 89' lang='lat' dir='ltr'>L.</span> <span class='ocrx_word' id='word_1_183' title='bbox 290 2965 422 3043; x_wconf 91' lang='lat' dir='ltr'>Heyse,</span> <span class='ocrx_word' id='word_1_184' title='bbox 459 2965 507 3024; x_wconf 92' lang='lat' dir='ltr'>De</span> <span class='ocrx_word' id='word_1_185' title='bbox 531 2963 680 3024; x_wconf 89' lang='lat' dir='ltr'>Herodoti</span> <span class='ocrx_word' id='word_1_186' title='bbox 702 2962 767 3024; x_wconf 86' lang='lat' dir='ltr'>vita</span> <span class='ocrx_word' id='word_1_187' title='bbox 789 2971 819 3022; x_wconf 91' lang='lat' dir='ltr'>et</span> <span class='ocrx_word' id='word_1_188' title='bbox 834 2961 1000 3035; x_wconf 89' lang='lat' dir='ltr'>itineribus,</span> <span class='ocrx_word' id='word_1_189' title='bbox 1025 2961 1125 3024; x_wconf 92' lang='lat' dir='ltr'>Berol.</span> <span class='ocrx_word' id='word_1_190' title='bbox 1152 2960 1241 3024; x_wconf 82' lang='lat'>1826.</span> 
     </span>
    </p>

    <p class='ocr_par' dir='ltr' id='par_1_14' title="bbox 166 3046 1049 3129">
     <span class='ocr_line' id='line_1_25' title="bbox 166 3046 1049 3129; baseline 0 -19"><span class='ocrx_word' id='word_1_191' title='bbox 166 3051 208 3112; x_wconf 93' lang='lat' dir='ltr'>H.</span> <span class='ocrx_word' id='word_1_192' title='bbox 233 3051 267 3111; x_wconf 87' lang='lat' dir='ltr'>F.</span> <span class='ocrx_word' id='word_1_193' title='bbox 291 3051 313 3113; x_wconf 87' lang='lat' dir='ltr'>J</span> <span class='ocrx_word' id='word_1_194' title='bbox 320 3071 435 3129; x_wconf 87' lang='lat' dir='ltr'>aeger,</span> <span class='ocrx_word' id='word_1_195' title='bbox 456 3051 591 3129; x_wconf 89' lang='lat' dir='ltr'>Disputt.</span> <span class='ocrx_word' id='word_1_196' title='bbox 616 3046 771 3121; x_wconf 87' lang='lat' dir='ltr'>Herodot.,</span> <span class='ocrx_word' id='word_1_197' title='bbox 795 3047 930 3128; x_wconf 87' lang='lat' dir='ltr'>Gotting.</span> <span class='ocrx_word' id='word_1_198' title='bbox 958 3048 1049 3110; x_wconf 80' lang='lat'>1828.</span> 
     </span>
    </p>

    <p class='ocr_par' dir='ltr' id='par_1_15' title="bbox 165 3134 1241 3217">
     <span class='ocr_line' id='line_1_26' title="bbox 165 3134 1241 3217; baseline -0.002 -19"><span class='ocrx_word' id='word_1_199' title='bbox 165 3138 199 3198; x_wconf 75' lang='lat' dir='ltr'>O.</span> <span class='ocrx_word' id='word_1_200' title='bbox 224 3138 386 3213; x_wconf 85' lang='lat' dir='ltr'>Hachen,</span> <span class='ocrx_word' id='word_1_201' title='bbox 410 3137 447 3197; x_wconf 91' lang='lat' dir='ltr'>de</span> <span class='ocrx_word' id='word_1_202' title='bbox 467 3137 617 3197; x_wconf 89' lang='lat' dir='ltr'>Herodoti</span> <span class='ocrx_word' id='word_1_203' title='bbox 630 3134 788 3196; x_wconf 88' lang='lat' dir='ltr'>itineribus</span> <span class='ocrx_word' id='word_1_204' title='bbox 812 3134 1241 3217; x_wconf 81' lang='lat' dir='ltr'>etscriptis,Gotting.1878·</span> 
     </span>
    </p>

    <p class='ocr_par' dir='ltr' id='par_1_16' title="bbox 166 3221 1241 3372">
     <span class='ocr_line' id='line_1_27' title="bbox 166 3221 1241 3302; baseline -0.002 -17"><span class='ocrx_word' id='word_1_205' title='bbox 166 3225 206 3285; x_wconf 92' lang='lat' dir='ltr'>A.</span> <span class='ocrx_word' id='word_1_206' title='bbox 230 3224 435 3298; x_wconf 85' lang='lat' dir='ltr'>Kirchhoff,</span> <span class='ocrx_word' id='word_1_207' title='bbox 460 3222 729 3302; x_wconf 87' lang='lat' dir='ltr'>Entstehungszeit</span> <span class='ocrx_word' id='word_1_208' title='bbox 741 3221 793 3282; x_wconf 89' lang='lat' dir='ltr'>des</span> <span class='ocrx_word' id='word_1_209' title='bbox 811 3221 927 3283; x_wconf 92' lang='lat' dir='ltr'>Herod.</span> <span class='ocrx_word' id='word_1_210' title='bbox 939 3222 1241 3292; x_wconf 72' lang='lat' dir='ltr'>Geschichtsuerlres</span> 
     </span>
     <span class='ocr_line' id='line_1_28' title="bbox 209 3309 430 3372; baseline 0.005 -2"><span class='ocrx_word' id='word_1_211' title='bbox 209 3311 312 3372; x_wconf 89' lang='lat' dir='ltr'>Berlin</span> <span class='ocrx_word' id='word_1_212' title='bbox 339 3309 430 3371; x_wconf 91' lang='grc'><strong>1878.</strong></span> 
     </span>
    </p>

    <p class='ocr_par' dir='ltr' id='par_1_17' title="bbox 168 3394 1240 3546">
     <span class='ocr_line' id='line_1_29' title="bbox 168 3394 1240 3475; baseline -0.001 -17"><span class='ocrx_word' id='word_1_213' title='bbox 168 3398 206 3459; x_wconf 93' lang='lat' dir='ltr'>A.</span> <span class='ocrx_word' id='word_1_214' title='bbox 229 3397 372 3472; x_wconf 90' lang='lat' dir='ltr'>Bauer,</span> <span class='ocrx_word' id='word_1_215' title='bbox 398 3397 553 3458; x_wconf 90' lang='lat' dir='ltr'>Herodots</span> <span class='ocrx_word' id='word_1_216' title='bbox 575 3395 766 3475; x_wconf 87' lang='lat' dir='ltr'>Biographie.</span> <span class='ocrx_word' id='word_1_217' title='bbox 812 3394 1015 3474; x_wconf 82' lang='lat' dir='ltr'>Sitzungsber.</span> <span class='ocrx_word' id='word_1_218' title='bbox 1033 3395 1061 3457; x_wconf 91' lang='lat' dir='ltr'>d.</span> <span class='ocrx_word' id='word_1_219' title='bbox 1083 3395 1157 3475; x_wconf 93' lang='lat' dir='ltr'>phil.</span> <span class='ocrx_word' id='word_1_220' title='bbox 1171 3395 1240 3457; x_wconf 89' lang='lat' dir='ltr'>hist.</span> 
     </span>
     <span class='ocr_line' id='line_1_30' title="bbox 207 3481 1025 3546; baseline -0.002 -1"><span class='ocrx_word' id='word_1_221' title='bbox 207 3484 252 3545; x_wconf 89' lang='lat' dir='ltr'>Cl.</span> <span class='ocrx_word' id='word_1_222' title='bbox 276 3485 329 3546; x_wconf 89' lang='lat' dir='ltr'>der</span> <span class='ocrx_word' id='word_1_223' title='bbox 350 3484 429 3544; x_wconf 90' lang='lat' dir='ltr'>kais.</span> <span class='ocrx_word' id='word_1_224' title='bbox 454 3483 557 3546; x_wconf 88' lang='lat' dir='ltr'>Akad.</span> <span class='ocrx_word' id='word_1_225' title='bbox 581 3505 617 3544; x_wconf 85' lang='lat' dir='ltr'>nu</span> <span class='ocrx_word' id='word_1_226' title='bbox 639 3483 728 3544; x_wconf 89' lang='lat' dir='ltr'>Wien</span> <span class='ocrx_word' id='word_1_227' title='bbox 749 3481 930 3542; x_wconf 87' lang='lat' dir='ltr'>LXXXIX</span> <span class='ocrx_word' id='word_1_228' title='bbox 952 3481 1025 3543; x_wconf 84' lang='lat'>391.</span> 
     </span>
    </p>

    <p class='ocr_par' dir='ltr' id='par_1_18' title="bbox 166 3567 1241 3650">
     <span class='ocr_line' id='line_1_31' title="bbox 166 3567 1241 3650; baseline -0.001 -20"><span class='ocrx_word' id='word_1_229' title='bbox 166 3571 279 3645; x_wconf 88' lang='lat' dir='ltr'>Idem,</span> <span class='ocrx_word' id='word_1_230' title='bbox 302 3571 496 3650; x_wconf 84' lang='lat' dir='ltr'>Entstchung</span> <span class='ocrx_word' id='word_1_231' title='bbox 517 3571 569 3631; x_wconf 92' lang='lat' dir='ltr'>des</span> <span class='ocrx_word' id='word_1_232' title='bbox 587 3569 702 3631; x_wconf 90' lang='lat' dir='ltr'>Herod.</span> <span class='ocrx_word' id='word_1_233' title='bbox 725 3569 1026 3642; x_wconf 86' lang='lat' dir='ltr'>Geschichtswerkes,</span> <span class='ocrx_word' id='word_1_234' title='bbox 1042 3567 1129 3631; x_wconf 90' lang='lat' dir='ltr'>Wien</span> <span class='ocrx_word' id='word_1_235' title='bbox 1149 3567 1241 3629; x_wconf 90' lang='grc'><strong>1878.</strong></span> 
     </span>
    </p>

    <p class='ocr_par' dir='ltr' id='par_1_19' title="bbox 164 3653 1240 3732">
     <span class='ocr_line' id='line_1_32' title="bbox 164 3653 1240 3732; baseline -0.002 -16"><span class='ocrx_word' id='word_1_236' title='bbox 164 3653 208 3719; x_wconf 90' lang='grc' dir='ltr'>Η.</span> <span class='ocrx_word' id='word_1_237' title='bbox 232 3659 356 3732; x_wconf 82' lang='lat' dir='ltr'>Stein,</span> <span class='ocrx_word' id='word_1_238' title='bbox 381 3657 521 3719; x_wconf 90' lang='lat' dir='ltr'>Herodot</span> <span class='ocrx_word' id='word_1_239' title='bbox 541 3657 664 3718; x_wconf 78' lang='lat' dir='ltr'>erlrl&#39;a&#39;rt.</span> <span class='ocrx_word' id='word_1_240' title='bbox 689 3655 804 3716; x_wconf 90' lang='lat' dir='ltr'>IEinl.</span> <span class='ocrx_word' id='word_1_241' title='bbox 828 3657 856 3718; x_wconf 88' lang='lat'>4.</span> <span class='ocrx_word' id='word_1_242' title='bbox 881 3656 964 3718; x_wconf 89' lang='lat' dir='ltr'>Aufl.</span> <span class='ocrx_word' id='word_1_243' title='bbox 1011 3655 1115 3716; x_wconf 92' lang='lat' dir='ltr'>Berlin</span> <span class='ocrx_word' id='word_1_244' title='bbox 1147 3654 1240 3715; x_wconf 82' lang='lat'>1877.</span> 
     </span>
    </p>

    <p class='ocr_par' dir='ltr' id='par_1_20' title="bbox 165 3741 1239 3904">
     <span class='ocr_line' id='line_1_33' title="bbox 165 3741 1239 3824; baseline -0.005 -19"><span class='ocrx_word' id='word_1_245' title='bbox 165 3745 204 3806; x_wconf 78' lang='lat' dir='ltr'>G.</span> <span class='ocrx_word' id='word_1_246' title='bbox 227 3744 454 3819; x_wconf 80' lang='lat' dir='ltr'>Raivlinson,</span> <span class='ocrx_word' id='word_1_247' title='bbox 478 3745 542 3805; x_wconf 88' lang='lat' dir='ltr'>The</span> <span class='ocrx_word' id='word_1_248' title='bbox 561 3744 676 3824; x_wconf 88' lang='lat' dir='ltr'>history</span> <span class='ocrx_word' id='word_1_249' title='bbox 698 3743 733 3803; x_wconf 84' lang='lat' dir='ltr'>of</span> <span class='ocrx_word' id='word_1_250' title='bbox 752 3743 936 3804; x_wconf 88' lang='lat' dir='ltr'>Herodotus.</span> <span class='ocrx_word' id='word_1_251' title='bbox 983 3745 1089 3803; x_wconf 88' lang='lat' dir='ltr'>Anew</span> <span class='ocrx_word' id='word_1_252' title='bbox 1111 3741 1239 3820; x_wconf 86' lang='lat' dir='ltr'>English</span> 
     </span>
     <span class='ocr_line' id='line_1_34' title="bbox 206 3829 843 3904; baseline 0.002 -14"><span class='ocrx_word' id='word_1_253' title='bbox 206 3831 345 3891; x_wconf 90' lang='lat' dir='ltr'>Versicn.</span> <span class='ocrx_word' id='word_1_254' title='bbox 391 3831 519 3892; x_wconf 90' lang='lat' dir='ltr'>London</span> <span class='ocrx_word' id='word_1_255' title='bbox 545 3830 643 3904; x_wconf 79' lang='lat'>1858,</span> <span class='ocrx_word' id='word_1_256' title='bbox 666 3831 682 3890; x_wconf 88' lang='grc' dir='ltr'>Ι</span> <span class='ocrx_word' id='word_1_257' title='bbox 708 3829 843 3891; x_wconf 82' lang='grc'><strong>1--149,</strong></span> 
     </span>
    </p>

    <p class='ocr_par' dir='ltr' id='par_1_21' title="bbox 165 3912 1238 4000">
     <span class='ocr_line' id='line_1_35' title="bbox 165 3912 1238 4000; baseline -0.007 -22"><span class='ocrx_word' id='word_1_258' title='bbox 165 3918 204 3978; x_wconf 88' lang='grc' dir='ltr'><strong>Α.</strong></span> <span class='ocrx_word' id='word_1_259' title='bbox 228 3919 270 3977; x_wconf 92' lang='grc' dir='ltr'><strong>Η.</strong></span> <span class='ocrx_word' id='word_1_260' title='bbox 285 3919 420 4000; x_wconf 79' lang='lat' dir='ltr'>Sayce,</span> <span class='ocrx_word' id='word_1_261' title='bbox 445 3918 620 3979; x_wconf 89' lang='lat' dir='ltr'>Herodotus</span> <span class='ocrx_word' id='word_1_262' title='bbox 636 3917 756 3978; x_wconf 84' lang='lat' dir='ltr'><strong>I-IIL</strong></span> <span class='ocrx_word' id='word_1_263' title='bbox 772 3915 901 3977; x_wconf 89' lang='lat' dir='ltr'>London</span> <span class='ocrx_word' id='word_1_264' title='bbox 920 3913 1012 3974; x_wconf 83' lang='lat'>1883.</span> <span class='ocrx_word' id='word_1_265' title='bbox 1029 3936 1061 3993; x_wconf 92' lang='lat' dir='ltr'>p.</span> <span class='ocrx_word' id='word_1_266' title='bbox 1076 3912 1158 3974; x_wconf 91' lang='lat' dir='ltr'>XIV</span> <span class='ocrx_word' id='word_1_267' title='bbox 1175 3933 1238 3990; x_wconf 88' lang='lat' dir='ltr'>sqq.</span> 
     </span>
    </p>
   </div>
   <div class='ocr_carea' id='block_1_8' title="bbox 0 0 1392 4434">
    <p class='ocr_par' dir='ltr' id='par_1_22' title="bbox 0 0 1392 4434">
     <span class='ocr_line' id='line_1_36' title="bbox 0 0 1392 4434; baseline 0 4"><span class='ocrx_word' id='word_1_268' title='bbox 0 0 1392 4434; x_wconf 95' lang='lat' dir='ltr'> </span> 
     </span>
    </p>
   </div>
  </div>
 </body>
</html>
