2774 4434
608 273 823 338 410.-

176 459 269 536 τοιές
287 455 397 524 πάντα
414 457 474 526 τόν
491 455 741 548 ldyov=³atque
762 468 819 530 hoo
841 471 890 540 ,in
906 471 1138 532 universam
1162 471 1260 532 hanc

176 587 399 648 historiam‘
417 588 529 650 dictum
544 597 615 650 esto.
660 589 709 651 VI
727 589 780 651 19:
808 583 905 650 ἐπεὰν
930 585 1013 651 κατὰ
1036 591 1135 672 τοῦτο
1158 588 1259 672 γένοι-

175 725 232 784 μοι
254 707 314 766 τοῦ
344 697 443 786 λόγου
467 734 507 760 =
532 708 557 768 si
586 709 624 768 ad
648 708 734 769 illum
758 712 1007 772 narrationis
1038 707 1080 791 (h.
1103 733 1127 774 e.
1154 715 1253 793 operis

175 823 248 908 mei)
280 827 379 888 locum
412 849 593 908 pervenero,
631 829 743 890 ibidem
777 852 800 892 s.
832 831 898 893 fin.:
939 821 1096 902 πολλάκις
1129 821 1257 913 μνήμην

174 939 325 1026 ἑτέρωθι·
345 946 405 1006 τοῦ
436 937 549 1028 λόγου.
568 938 767 1031 ἐποιησάμην
808 976 849 1001 --
884 973 974 1031 saepe
1008 952 1081 1013 alibi
1111 952 1152 1011 in
1183 953 1257 1014 hac

176 1070 390 1130 narratione
416 1070 596 1132 mentionem
624 1071 690 1132 feci.
742 1072 790 1133 IV
805 1071 861 1133 16:
885 1071 942 1153 τῆς
958 1067 993 1132 δὲ
1008 1071 1073 1153 γῆς,
1102 1071 1158 1152 της
1180 1070 1256 1152 nipe

174 1175 272 1248 όὸεό
307 1176 405 1267 λόγος
441 1177 600 1270 [ὅρμηται
627 1185 777 1270 λέγεσθαι
799 1217 840 1242 ---
863 1193 984 1272 regione
1022 1192 1086 1267 illa,
1123 1194 1161 1254 de
1194 1215 1256 1274 qua

174 1310 194 1368 l1
205 1329 273 1371 aec
301 1311 487 1372 narratio
509 1312 652 1400 instituta
674 1321 727 1374 est.
775 1312 824 1374 Ab
836 1314 893 1374 hac
915 1313 1037 1374 notione
1058 1314 1160 1387 distat,
1177 1336 1255 1394 quae

174 1434 314 1513 ponenda
343 1443 389 1495 est
411 1435 442 1494 iu
464 1431 495 1496 ll
518 1435 551 1496 II
574 1457 599 1497 c.
621 1435 671 1496 38:
684 1425 724 1496 τὰ
746 1427 810 1514 ἐγώ
832 1431 867 1495 ἐν
892 1425 982 1516 ἄλλοι
1006 1426 1093 1516 λόγῳ
1118 1431 1200 1514 ipim
1225 1447 1255 1498 et

175 1555 205 1614 in
218 1550 249 1616 l.'l
262 1555 310 1616 Vl
323 1576 347 1616 c.
371 1552 429 1615 39:
452 1545 511 1615 τὸν
536 1547 600 1635 ἐγώ
617 1549 653 1616 ἐν
676 1545 766 1634 ἄλλοι
791 1547 877 1636 λόγῳ
902 1553 1062 1636 σημανέω,
1080 1557 1190 1636 quibus
1213 1558 1254 1617 lo-

174 1677 216 1737 cis
241 1677 368 1756 scriptor
390 1697 450 1736 non
483 1676 521 1736 de
545 1676 685 1738 universo
708 1697 762 1736 suo
786 1697 873 1756 opere
896 1677 1038 1756 loquitur,
1062 1678 1113 1738 sed
1137 1678 1174 1738 de
1197 1678 1254 1738 sin-

173 1798 252 1878 gulis
269 1798 471 1859 enarrationis
484 1797 634 1878 partibus.
673 1797 732 1859 Sed
749 1798 905 1860 cuiusnam
922 1800 1039 1878 generis
1054 1809 1141 1860 erant
1154 1808 1255 1878 partes

174 1920 267 1981 illae?
323 1919 476 1980 Nimirum
524 1928 625 1998 partes
657 1920 807 1999 quaedam
841 1941 895 2001 per
924 1942 971 1994 se,
1010 1921 1137 1982 diversis
1182 1931 1253 1982 tem·

174 2041 297 2121 poribus
328 2049 382 2101 aut
413 2039 487 2100 locis
511 2041 719 2121 conscriptae,
756 2041 825 2114 vel,
862 2041 942 2121 quod
965 2041 1045 2102 idem
1075 2051 1140 2118 est,
1176 2041 1253 2114 libri,

174 2164 276 2243 capita
312 2161 502 2234 narrationis,
535 2161 644 2240 quibus
669 2170 765 2222 totum
796 2183 872 2243 opus
897 2161 1102 2242 continetur).
1146 2163 1253 2224 Verba

174 2284 252 2344 enim
289 2281 344 2342 illa
370 2272 411 2341 τὰ
435 2275 469 2340 ἐν
503 2270 593 2360 ἄλλῳ
617 2269 704 2361 λόγῳ
720 2275 803 2361 ἐρέω
833 2283 897 2345 sine
919 2283 1011 2358 dubio
1031 2282 1185 2363 pertinent
1216 2283 1255 2344 ad

177 2404 303 2479 1112&
335 2405 387 2466 ubi
420 2403 624 2478 inveniuntur,
662 2424 740 2483 quae
770 2404 897 2484 scriptor
925 2406 959 2466 11
991 2402 1032 2464 38
1068 2425 1100 2465 se
1128 2404 1159 2463 in
1194 2403 1255 2464 alia

179 2528 277 2608 operis
309 2527 355 2588 sui
382 2534 469 2606 parte
492 2525 662 2586 accuratius
685 2526 904 2606 descripturum
924 2527 1092 2607 pollicetur.
1137 2525 1253 2586 Eadem

174 2661 220 2713 est
250 2651 327 2712 ratio
360 2648 483 2711 alterius
521 2648 597 2724 loci,
629 2649 677 2709 VI
712 2648 771 2725 39,
794 2650 846 2729 qui
872 2651 910 2710 ad
947 2650 997 2711 VI
1028 2648 1088 2710 103
1126 2655 1253 2728 spectat.

178 2774 308 2834 Exstant
331 2770 383 2832 alii
410 2790 529 2850 quoque
553 2768 626 2842 loci,
660 2768 770 2848 quibus
804 2770 900 2849 magis
935 2771 1026 2831 etiam
1061 2769 1253 2850 perspicuum

173 2892 293 2956 videtur
327 2911 400 2964 esse,
439 2880 539 2970 λόγον
575 2889 614 2950 ab
647 2889 805 2952 Herodoto
842 2890 1029 2951 intellectum
1066 2911 1130 2951 esse
1163 2898 1255 2968 caput

173 3015 324 3095 quoddam
358 3012 554 3074 historiarum
591 3032 713 3072 suarum
746 3012 796 3074 vel
830 3022 947 3092 partem
984 3012 1119 3092 aliquam
1149 3033 1202 3094 per
1224 3032 1256 3072 se

174 3135 385 3215 conscriptam.
431 3134 481 3194 Ita
503 3133 533 3195 V
554 3131 594 3193 36
617 3132 745 3212 legimus
765 3121 812 3204 ὡς
835 3122 1015 3213 δεδήλωταί
1030 3151 1085 3212 μοι
1108 3126 1144 3192 ἐν
1166 3120 1256 3212 apoi-

173 3279 221 3339 τηι
245 3255 315 3317 τῶν
349 3244 472 3335 λόγιον,
506 3256 557 3336 qui
593 3243 688 3334 λόγος
722 3253 823 3314 omnia
857 3255 1075 3334 complectitur,
1106 3275 1184 3334 quae
1218 3254 1256 3315 de
1312 3285 1316 3293 -

174 3381 262 3442 rebus
284 3380 439 3459 Lydorum
462 3385 636 3437 narrantur.
683 3376 733 3436 Ad
755 3375 881 3436 eandem
902 3385 1029 3456 partem,
1051 3395 1129 3455 quae
1151 3382 1197 3434 est
1218 3373 1256 3436 de

173 3502 261 3562 rebus
283 3500 447 3580 Lydorum,
475 3506 592 3578 spectat
614 3497 733 3558 11161:
757 3490 815 3577 τὴν
839 3488 902 3576 ἐγώ
921 3491 956 3554 ἐν
976 3505 1059 3555 τοῖσι
1083 3495 1256 3569 Λιβυκοῖσι

175 3613 297 3700 λόγοισι
320 3608 533 3700 ιλιιηγησομαι,
558 3619 596 3680 ad
619 3639 695 3695 eam,
719 3639 796 3698 quae
819 3627 865 3679 est
887 3619 925 3680 de
946 3618 1035 3680 rebus
1048 3618 1254 3699 Assyriorum,

173 3743 188 3802 I
215 3741 282 3801 184:
305 3739 373 3798 scor
397 3733 432 3797 ἐν
456 3746 539 3798 τοῖσι
560 3731 752 3817 Ἀσσυρίοισι
775 3727 899 3817 λόγοισι
918 3726 1045 3819 μνήμην
1068 3727 1254 3818 ποιήσομαι.

177 3865 274 3923 Immo
295 3869 414 3921 tantum
439 3858 532 3933 abest,
555 3868 590 3920 ut
609 3859 666 3919 hoo
687 3859 762 3932 loco,
795 3879 854 3938 quo
881 3859 919 3920 de
943 3859 1139 3940 Assyriorum
1163 3858 1254 3920 rebus

281 4011 304 4098 ι)
328 4014 374 4077 (γη,
398 4014 502 4091 Birt,
526 4015 591 4077 Das
615 4011 720 4078 antike
744 4012 938 4086 Buchwesen,
960 4034 989 4092 p.
1014 4012 1076 4074 466
1101 4035 1166 4101 sqq.
