2774 4434
629 347 669 356 ..
713 311 756 374 24

196 519 331 598 accipere
351 535 513 599 possumus
533 517 598 591 fide,
625 538 687 597 qua
709 521 824 590 cetera,
854 537 932 598 quae
961 517 1131 578 referuntur
1156 517 1195 576 ad
1229 539 1279 578 res

195 639 277 702 bello
298 650 398 720 gestas
429 640 636 719 bellorumque
668 659 775 700 causas
790 639 823 712 1).
876 639 963 715 Quas
993 658 1060 699 cum
1093 637 1280 700 describeret
1375 701 1376 704 ,

194 761 388 824 historiarum
423 770 540 834 auctor,
579 761 644 822 sine
676 760 768 821 dubio
801 760 966 841 permultos
1007 768 1124 822 veteres
1158 760 1278 823 invenit

195 884 342 946 bellorum
358 892 463 945 contra
474 883 582 944 Persas
597 890 748 962 gestorum
766 881 873 958 socios,
896 891 1022 962 quorum
1045 883 1276 944 narrationibus

196 1007 235 1068 ad
256 1006 414 1068 historiam
433 1025 532 1067 rerum
554 1025 621 1066 curn
645 1004 745 1065 Persis
768 1013 920 1084 gestarum
937 1005 1183 1067 conscribendam
1201 1027 1276 1069 usus

195 1135 240 1189 est
262 1128 311 1204 (cf.
343 1125 470 1189 Nitzsoh
497 1148 526 1205 p.
561 1121 655 1205 241);
692 1124 772 1186 unde
804 1125 944 1206 colligere
965 1127 1043 1201 licet,
1076 1129 1276 1207 gravissimas

194 1247 387 1310 historiarum
411 1245 532 1308 illarum
556 1253 657 1325 partes
680 1245 741 1306 iam
764 1266 844 1306 anno
866 1245 928 1306 445
952 1246 1101 1327 perfectas
1123 1248 1161 1309 ab
1176 1250 1277 1312 Hero-

194 1369 265 1430 doto
288 1366 419 1429 Athenis
440 1366 580 1428 reoitatas
603 1387 676 1428 esse.

296 1485 379 1564 Quid
402 1487 482 1548 enim
501 1486 597 1566 magis
619 1484 852 1548 Atheniensium
868 1485 985 1546 animos
1001 1485 1150 1549 delectare
1164 1493 1276 1569 potuit.

194 1628 285 1687 quam
309 1627 355 1668 res
378 1607 418 1668 ab
441 1607 514 1686 ipsis
535 1607 688 1686 praeclare
711 1615 831 1685 gestae,
854 1615 960 1685 postea
981 1618 1176 1670 monumento
1190 1687 1194 1692 Ι
1207 1633 1279 1674 aere

193 1727 354 1808 perennius
366 1725 543 1801 celebratae,
557 1736 610 1788 ant
618 1747 677 1807 quo
688 1733 777 1806 pacto
792 1727 960 1803 Herodoto,
972 1728 1031 1788 nisi
1041 1727 1276 1794 Atheniensium

193 1849 331 1911 facinora
351 1849 498 1941 recitavit,
523 1848 561 1910 ab
584 1849 695 1910 eisdem
717 1849 796 1910 tanti
827 1847 953 1929 praemii
982 1847 1077 1909 honos
1108 1850 1276 1914 attributus

195 1973 259 2032 est?
282 1971 452 2037 Praeterea,
477 1989 554 2050 quae
576 1969 614 2030 de
636 1969 726 2030 rebus
757 1968 795 2030 ab
815 1968 1054 2031 Atheniensibus
1076 1968 1151 2031 bene
1180 1974 1275 2050 gestis

193 2091 376 2163 referuntur,
410 2098 471 2151 tam
504 2089 662 2152 artificiose
685 2097 756 2149 sunt
779 2089 936 2153 elaborata
958 2100 1102 2171 tantoque
1129 2100 1273 2154 contextu

182 2195 284 2292 ¹atque
307 2211 532 2273 continuatione
559 2231 659 2272 rerum
683 2232 718 2272 ao
742 2212 900 2274 verborum
932 2214 1011 2275 inter
1037 2233 1069 2274 se
1102 2214 1273 2289 coniuncta,

193 2341 227 2394 ut
249 2332 345 2412 magis
369 2332 408 2396 ad
430 2329 618 2392 recitandum
641 2351 731 2410 quam
757 2332 795 2392 ad
828 2332 985 2412 legendum
1020 2334 1187 2414 composita
1209 2357 1275 2397 esse

192 2453 360 2514 videantur.
416 2454 506 2530 Quae
536 2451 713 2514 Herodotus
743 2453 774 2511 in
795 2451 954 2516 itineribus
989 2457 1050 2516 suis
1085 2453 1274 2534 longioribus

192 2574 252 2633 iam
276 2581 365 2634 antea
385 2572 475 2634 factis
499 2573 661 2654 collegerat
682 2582 850 2634 memoratu
873 2572 981 2652 digna,
1006 2594 1064 2635 non
1088 2597 1123 2636 eo
1146 2575 1272 2636 oonsilio

193 2700 400 2766 annotaverat,
422 2701 458 2753 ut
470 2693 571 2753 eadem
585 2693 732 2767 recitaret,
759 2693 811 2754 sed
828 2702 863 2754 ut
874 2695 1079 2757 describendis
1091 2695 1194 2757 multis
1209 2696 1271 2757 illis

191 2813 346 2892 variisque
369 2811 526 2892 gentibus,
549 2833 627 2892 quae
658 2812 806 2874 bellorum
839 2815 918 2876 inter
946 2801 1055 2876 Persas
1079 2816 1272 2898 Graecosque

191 2944 342 3012 gestorum
374 2932 536 3013 participes
559 2933 696 3010 fuerant,
730 2935 847 2997 civibus
879 2935 940 2996 suis
970 2935 1095 2999 Graecis
1134 2939 1269 3017 gentium

192 3053 315 3114 illarum
330 3051 530 3113 barbararum
546 3052 653 3129 vitam,
666 3077 772 3128 mores,
790 3058 873 3117 redes
889 3055 1064 3137 diligentius
1080 3069 1269 3138 proponeret

192 3175 302 3254 Itaque
324 3172 415 3234 facile
436 3172 628 3254 intellegitur,
648 3177 797 3255 quomodo
815 3179 931 3240 factum
947 3179 996 3255 sit,
1016 3188 1051 3241 ut
1072 3189 1174 3259 partes
1197 3177 1270 3241 illae

191 3293 384 3354 historiarum
408 3294 444 3354 de
467 3293 666 3359 barbararum
682 3298 818 3377 gentium
839 3299 929 3361 rebus
952 3320 1060 3380 parum
1083 3301 1272 3362 continenter

191 3414 379 3494 conscriptae
401 3413 562 3476 videantur
582 3437 678 3496 neque
700 3418 803 3478 eodem
824 3418 913 3480 modo
936 3421 1015 3482 inter
1037 3440 1069 3483 se
1090 3421 1270 3484 cohaereant

191 3544 283 3615 atque
302 3528 446 3596 historiae
468 3554 565 3596 rorum
591 3537 834 3618 Atheniensium,
851 3562 929 3623 quae
943 3508 1041 3616 {velut
1055 3542 1129 3603 lana
1143 3542 1198 3604 fila
1213 3564 1268 3604 sua

187 3655 444 3664 -—-—-—.———

254 3703 379 3876 18192334.
409 3707 568 3855 Ιὲῖἒθδῦ
603 3711 634 3770 in
656 3711 804 3774 Fleckeis.
828 3714 959 3776 Jahrbb.
990 3715 1091 3796 suppl.
1116 3717 1147 3777 V
1170 3714 1267 3794 (1864

187 3828 228 3836 ..
372 3815 400 3874 Ρ,
489 3840 495 3854 ,

289 3879 458 3955 Nitzsch,
483 3883 569 3944 Rom.
600 3884 780 3944 Annalistik
810 3908 838 3966 p.
871 3887 944 3951 220.

293 3967 413 4042 Stein,
438 3977 539 4030 annot.
566 3971 603 4031 ad
627 3970 658 4031 V
681 3970 731 4031 71.
