2774 4434
564 295 811 396 ..q-¹

14 521 15 543 ο
113 509 190 562 'ante
213 499 315 561 omnia
336 501 534 580 inquiramus,
556 501 581 562 si
603 501 713 582 placet,
737 499 810 582 quid
836 520 947 575 eorum,
971 522 1049 581 quae
1071 501 1196 564 Nitzsch

14 637 20 670 ἐ
118 623 255 704 protulit,
278 622 399 702 probari
419 623 527 702 possit,
550 622 623 703 quid
642 622 741 683 minus
765 621 924 701 probabile
947 621 1094 684 videatur.

223 761 393 822 Maximam
417 761 563 822 materiae
584 769 712 841 partem,
736 761 849 840 inqua
875 760 1026 821 Herodoti
1057 761 1201 823 historiae

118 884 268 945 derebus
291 883 460 963 Aegyptiis,
485 883 620 963 Libycis,
642 881 783 958 Punicis,
806 882 956 963 Assyriis,
984 865 1052 942 aliis
1083 882 1200 962 positae
1262 919 1265 924 -
1302 944 1304 948 ,

120 1013 207 1080 sunt,
239 1005 366 1066 Nitzsch
397 1026 435 1066 ex
468 1004 510 1065 eis
545 1003 759 1065 traditionibus
792 1005 955 1065 consistere
990 1012 1089 1083 putat,
1123 1024 1199 1083 quas

18 1139 19 1142 ’
122 1125 296 1186 Herodotus
319 1123 434 1200 1199,
461 1123 530 1197 142,
556 1123 625 1198 161,
650 1124 718 1185 aliis
741 1123 815 1185 locis
838 1113 956 1203 λόγους
977 1144 1085 1185 vocare
1114 1123 1199 1185 solet.

118 1233 237 1324 λόγους
269 1244 338 1305 illos
359 1245 507 1335 intellegit
529 1245 655 1306 Nitzsch
685 1254 781 1306 certas
804 1246 953 1325 quasdam
975 1244 1109 1325 gentium
1140 1254 1200 1305 tra·

116 1365 257 1439 ditiones,
280 1345 355 1446 uuas
378 1365 506 1445 scriptor
526 1387 579 1445 per
600 1365 753 1446 colloquia
775 1365 806 1425 in
819 1365 977 1427 itineribus
998 1366 1061 1426 suis
1084 1387 1121 1427 ex
1145 1366 1198 1426 ali-

116 1507 204 1546 orum
226 1485 452 1546 narrationibus
486 1487 642 1566 acceperit.
695 1487 800 1548 Certus
827 1507 892 1546 esse
921 1485 992 1546 illas
1024 1485 1198 1549 traditiones

116 1606 188 1666 iude
210 1626 367 1686 apparere,
391 1606 470 1685 quod
494 1615 614 1685 praeter
636 1627 687 1668 aas
709 1607 789 1668 aliae
803 1587 923 1686 quoque
944 1606 1143 1680 narrationes
1160 1608 1200 1668 ad

116 1727 196 1787 idem
222 1735 434 1807 argumentum
457 1727 639 1806 pertinentes
662 1729 869 1808 proferantur,
894 1728 945 1788 sed
968 1729 1020 1801 ita,
1042 1736 1077 1788 ut
1096 1727 1200 1808 priori-

119 1847 175 1906 bus
201 1846 262 1907 illis
285 1847 365 1908 haud
388 1869 457 1908 raro
480 1859 656 1929 repugnent.
713 1851 800 1926 Quas
823 1871 927 1910 omnes
952 1848 1142 1911 Herodotum
1167 1849 1198 1908 in

116 1988 194 2047 opus
218 1989 305 2029 suum
332 1971 490 2050 recepisse,
524 1979 570 2044 ut,
603 1972 703 2050 quoad
737 1972 800 2032 fieri
829 1980 943 2052 posset,
974 1991 1060 2032 suam
1092 1969 1200 2048 cuique

117 2088 200 2167 genti
225 2089 416 2150 traditionem
440 2100 581 2165 servaret,
602 2091 654 2152 sed
676 2091 855 2172 professum,
880 2091 968 2152 fidem
991 2111 1093 2152 earum
1116 2109 1200 2169 prae·

118 2221 201 2274 stare
222 2233 254 2274 se
275 2233 335 2274 non
358 2211 495 2295 pessel).
540 2215 612 2290 Qua
633 2215 664 2274 in
692 2235 724 2275 re
748 2215 822 2276 artis
850 2215 973 2276 criticae
997 2213 1084 2274 initia
1110 2233 1200 2293 quae-

117 2333 188 2394 dam
213 2333 325 2412 exigua
348 2334 430 2413 apud
453 2334 630 2414 scriptorem
649 2335 788 2398 inveniri.

223 2473 438 2548 Quaestionem
477 2448 627 2534 Nitisohii
664 2495 701 2536 ex
739 2475 770 2536 vi
808 2495 845 2535 ao
881 2480 1030 2553 potestate
1068 2470 1199 2532 notionis

119 2581 226 2671 ,λόγος
254 2592 420 2672 profectam
452 2602 609 2674 totamque
638 2595 700 2656 fere
729 2595 759 2654 in
795 2594 899 2656 eadem
921 2593 1052 2673 positam
1087 2599 1200 2653 rectam

119 2713 223 2774 iniisse
253 2713 399 2775 rationem
422 2714 488 2776 iure
510 2715 656 2776 affirmari
680 2736 769 2795 posse
791 2715 930 2776 arbitror.
976 2714 1090 2775 Omnes
1120 2713 1200 2774 enim

118 2836 191 2896 illae
215 2829 401 2898 narrationes
425 2838 473 2898 vel
499 2838 653 2915 historiae,
676 2859 714 2900 ex
733 2839 843 2920 quibus
864 2837 991 2918 scriptor
1009 2857 1089 2917 ‘opus
1113 2858 1200 2897 suum

116 2957 294 3018 historicum
318 2959 504 3038 composuit,
533 2959 573 3020 ab
596 2959 662 3039 ipso
684 2949 774 3038 λόγοι
790 2966 946 3020 vocantur.
991 2933 1051 3020 sed
1067 2957 1202 3018 dubitari

116 3101 204 3160 posse
228 3079 346 3142 videtur
383 3080 477 3157 mihi,
510 3102 582 3141 num
606 3101 643 3142 ex
681 3081 732 3155 eis,
769 3101 845 3161 quos
876 3080 1005 3161 protulit
1033 3080 1083 3155 N„
1127 3080 1201 3141 locis

116 3203 267 3264 sententia
303 3203 435 3264 notionis
473 3202 556 3266 illius
588 3190 684 3282 λόγος
715 3202 797 3282 apud
825 3203 1016 3265 Herodotum
1049 3203 1140 3265 semel
1170 3203 1202 3263 in

115 3332 293 3404 perpetuum
317 3324 435 3386 deliniri
451 3325 548 3405 possit
569 3333 600 3386 et
622 3324 666 3385 ita
688 3325 815 3401 definiri,
839 3325 927 3386 utin
950 3347 987 3388 ea
1003 3325 1081 3386 nihil
1104 3325 1199 3403 aliud,
1298 3336 1302 3344 '

114 3447 175 3508 nisi
196 3455 307 3508 certam
325 3449 480 3540 quandam
500 3435 598 3528 gentis
622 3447 751 3508 alieuius
764 3448 958 3510 traditionem
982 3448 1201 3528 intellegamus.

113 3538 285 3630 Viderimus
308 3569 409 3649 igitur,
433 3589 583 3648 quaenam
605 3568 755 3630 sententia
778 3568 894 3628 notioni
918 3558 1014 3648 λόγος
1037 3568 1105 3629 aliis
1126 3568 1200 3631 locis

118 3687 282 3750 tribuenda
305 3689 346 3750 sit
361 3697 452 3768 atque
467 3690 518 3763 eis,
535 3709 661 3769 quorum
685 3689 867 3750 mentionem
883 3689 955 3750 feeit
971 3688 1012 3749 N.
1056 3688 1117 3750 Sed
1133 3711 1202 3751 eum

112 3810 237 3891 longum
271 3809 312 3871 sit
344 3831 449 3872 omnes
480 3811 613 3891 proferre
650 3809 748 3885 locos.
779 3810 891 3891 quibus
925 3809 1067 3872 vocabuli
1101 3799 1198 3890 λόγος

224 4017 245 4104 ¹)
268 4019 335 4087 VII
362 4017 439 4088 152:
460 4015 634 4082 πείθεσθαί
651 4038 686 4106 γε
701 4009 764 4102 μὴν
787 4008 828 4080 oo'
853 4007 1045 4082 παντάπασι
1068 4008 1203 4102 opsita·
