2774 4434
621 293 835 356 „20-

186 502 279 564 Samo
306 500 480 581 scriptorem
506 509 585 560 recto
601 500 706 560 itinere
726 501 986 562 Lacedaemonem
1011 521 1076 561 esse
1091 501 1270 581 profectum,

186 623 256 682 inde
283 641 402 701 quoque
423 620 586 682 verisimile
607 619 735 694 videtur,
760 622 840 700 quod
857 621 1001 701 perfacile
1023 641 1083 681 uno
1105 621 1154 682 die
1175 622 1268 682 Samo

187 742 449 803 Lacedaemonem
466 751 554 801 vento
578 742 708 802 secundo
723 751 822 820 petere
835 741 944 804 Gracci
967 750 1138 820 potuerunt.
1174 741 1269 802 Lace-

190 865 336 924 daemone
358 882 418 921 non
441 861 541 920 minus
565 881 656 939 quam
682 860 765 922 Sami
785 862 912 941 scriptor
933 861 1006 922 satis
1028 861 1140 921 multas
1163 883 1200 921 ex
1223 864 1268 920 in·
1312 917 1315 926 .

186 985 260 1044 colis
285 981 529 1042 narratiunculas
554 981 684 1053 audivit;
718 957 913 1042 sed-easdem
942 981 1013 1042 illas
1041 977 1267 1041 certis'finibus

188 1103 431 1181 circumscriptas
466 1103 640 1182 generisque
671 1101 787 1181 publici
817 1103 931 1176 fuisse,
963 1112 997 1164 ut
1031 1103 1158 1162 Nitzsch
1198 1123 1267 1178 eon·

186 1226 305 1286 firmare
327 1224 444 1300 studet,
467 1224 647 1302 persuadere
670 1223 743 1282 mihi
772 1244 832 1284 nou
855 1245 987 1303 possum.
1032 1224 1114 1284 Nam
1144 1225 1169 1284 si
1198 1245 1267 1284 con-

184 1328 316 1417 ceditur,¹
343 1363 404 1404 rem
444 1364 509 1404 esse
543 1363 679 1404 summae
712 1344 910 1419 difficultatis,
941 1344 1098 1405 enucleare
1133 1345 1266 1424 priorum

187 1467 397 1527 historicorum
441 1465 646 1540 narrationes,
677 1465 787 1544 quibus
820 1465 940 1544 Polybii
970 1473 1001 1525 et
1021 1464 1105 1526 Livii
1124 1464 1269 1526 historiae

185 1580 315 1647 multum
339 1585 499 1646 debent—
517 1585 547 1645 id
562 1584 640 1663 quod
658 1584 783 1645 Nitzsoh
806 1585 837 1644 in
851 1585 928 1644 libro
942 1605 996 1645 suo
1029 1585 1097 1657 ,Die
1118 1587 1269 1647 romische

186 1707 366 1769 Annalistik
389 1709 454 1767 etc‘
477 1705 609 1764 mirabili
632 1705 764 1783 quadam
788 1705 955 1784 sagacitate
982 1714 1073 1784 atque
1096 1705 1267 1766 subtilitate

186 1837 312 1888 conatus
336 1837 389 1901 est,
412 1827 465 1887 sed
489 1826 663 1905 saepissime
684 1825 771 1886 nulla
793 1826 856 1886 alia
878 1827 1001 1901 ratione,
1026 1827 1084 1887 nisi
1108 1826 1174 1887 sola
1197 1847 1267 1888 con·

155 1995 157 2000 .
185 1949 228 2021 iec
242 1968 346 2007 ura—
357 1947 381 2008 si
397 1947 489 2026 igitur
497 1945 674 2026 perdifficile
681 1954 735 2019 est,
748 1945 931 2026 investigare
941 1967 992 2007 eas
1004 1946 1174 2008 litterarum
1182 1957 1267 2009 vetu-

186 2078 299 2128 starum
323 2068 476 2147 reliquias,
500 2067 572 2147 quid
589 2067 724 2127 dicamus
744 2067 780 2127 de
793 2077 874 2128 certa
886 2068 945 2128 fide
955 2068 1002 2130 vel
1014 2068 1264 2130 determinatione

183 2209 285 2249 carum
310 2187 524 2260 traditionum,
547 2207 623 2266 quas
649 2208 687 2248 ex
709 2187 1017 2249 Lacedaemoniorum
1049 2209 1101 2250 ore
1121 2200 1265 2269 acceptas

187 2309 361 2370 Herodotus
385 2307 517 2368 historiis
540 2308 602 2368 suis
627 2307 774 2369 inseruit?
818 2308 939 2369 Publici
962 2309 1041 2369 enim
1066 2310 1182 2388 generis
1205 2330 1268 2370 cer-

190 2441 314 2510 tamque
335 2431 364 2489 in
391 2430 518 2490 formam
543 2429 680 2490 redactas
704 2450 756 2490 eas
777 2430 871 2490 fuisse
893 2450 931 2490 ex
949 2429 1097 2490 Herodoti
1118 2431 1268 2490 narratio·

185 2552 274 2612 uibus
289 2549 489 2611 demonstrari
510 2539 595 2609 nullo
612 2550 701 2610 modo
715 2559 824 2628 potest,
846 2569 939 2628 quare
954 2549 1089 2623 Nitzsch‚
1111 2559 1144 2610 ut
1158 2569 1267 2609 verum

183 2691 248 2732 esse
260 2669 407 2742 ostendat,
430 2669 461 2728 id
480 2669 560 2748 quod
580 2669 709 2748 probare
725 2669 833 2742 studet,
856 2668 938 2730 locos
968 2669 1037 2730 illos
1059 2669 1138 2749 apud
1159 2668 1266 2729 Xeno-

183 2791 326 2870 phontem
348 2800 377 2850 et
400 2789 559 2850 Platonem
591 2789 716 2870 profert.
761 2789 821 2851 Sed
852 2790 949 2851 multo
984 2792 1081 2870 magis
1104 2790 1267 2854 verisimile

183 2913 317 2985 videtur,
352 2911 543 2974 Herodotum
582 2911 806 2972 Lacedaemone
849 2931 968 2991 quoque
1001 2931 1038 2971 ex
1076 2911 1264 3004 singulorum

184 3035 337 3094 hominum
366 3031 590 3092 narrationibus
610 3032 769 3110 petivisse,
800 3053 879 3110 quae
901 3033 937 3092 de
959 3031 1049 3092 rebus
1073 3053 1091 3092 a
1113 3033 1267 3094 Lacedae-

185 3155 292 3214 moniis
315 3153 472 3233 praeclare
493 3153 585 3231 gestis
606 3153 762 3213 rettulerit.

288 3274 379 3350 Quod
401 3295 440 3334 ex
463 3274 557 3352 ipsius
578 3273 804 3334 narrationibus
821 3273 912 3335 facile
925 3275 1020 3335 conici
1033 3283 1141 3353 potest.
1186 3273 1267 3336 Con-

183 3397 272 3469 feras,
296 3415 419 3475 quaeso,
442 3394 493 3454 ΙΙΙ
510 3394 560 3466 53,
584 3395 636 3454 ubi
658 3395 786 3474 scriptor
807 3415 838 3455 se
859 3395 1088 3456 Lacedaemone
1110 3405 1265 3457 versatum

185 3535 252 3577 cum
277 3515 393 3577 Archia
415 3515 545 3594 quodam
570 3516 712 3578 Pitaueta
734 3537 928 3595 congressum
945 3537 1010 3577 esse
1023 3524 1135 3577 narrat.
1151 3517 1210 3590 IX,
1224 3517 1264 3576 ‘ll

184 3637 286 3711 refert,
321 3637 352 3696 in
384 3657 488 3716 pugna
519 3635 691 3697 Plataeensi
721 3637 800 3697 inter
836 3637 969 3697 Graecos
1002 3646 1120 3716 praeter
1149 3646 1266 3714 ceteros

184 3758 320 3818 floruisse
343 3757 650 3819 Lacedaemoniorum
669 3757 811 3818 virtutem
828 3767 917 3837 atque
939 3759 1017 3818 inter
1032 3757 1166 3838 singulos
1184 3758 1266 3819 viros

185 3898 257 3957 prae
289 3878 393 3938 ceteris
414 3878 577 3939 fortissime
601 3897 752 3958 pugnasse
789 3878 1032 3951 Aristodemum,
1058 3877 1265 3950 Posidonium,

186 3997 412 4077 Plrilocyonem‚
437 3999 717 4078 Arnomplraretum.
765 3999 853 4060 Haec
871 3997 996 4058 Nitzsch
1013 4020 1050 4058 ex
1075 3998 1266 4058 sermonibus
