<?xml version="1.0" encoding="UTF-8"?>
<!DOCTYPE html PUBLIC "-//W3C//DTD XHTML 1.0 Transitional//EN"
    "http://www.w3.org/TR/xhtml1/DTD/xhtml1-transitional.dtd">
<html xmlns="http://www.w3.org/1999/xhtml" xml:lang="en" lang="en">
 <head>
  <title>
</title>
<meta http-equiv="Content-Type" content="text/html;charset=utf-8" />
  <meta name='ocr-system' content='tesseract 3.04.00' />
  <meta name='ocr-capabilities' content='ocr_page ocr_carea ocr_par ocr_line ocrx_word'/>
</head>
<body>
  <div class='ocr_page' id='page_1' title='image "./departibusquibu00doehgoog_0011.png"; bbox 0 0 2774 4434; ppageno 0'>
   <div class='ocr_carea' id='block_1_1' title="bbox 498 267 835 357">
    <p class='ocr_par' dir='ltr' id='par_1_1' title="bbox 498 267 835 357">
     <span class='ocr_line' id='line_1_1' title="bbox 498 267 835 357; baseline -0.012 -41"><span class='ocrx_word' id='word_1_1' title='bbox 498 267 835 357; x_wconf 27' lang='grc'><strong>..-6.-</strong></span> 
     </span>
    </p>
   </div>
   <div class='ocr_carea' id='block_1_2' title="bbox 203 473 1286 568">
    <p class='ocr_par' dir='ltr' id='par_1_2' title="bbox 203 473 1286 568">
     <span class='ocr_line' id='line_1_2' title="bbox 203 473 1286 568; baseline -0.003 -30"><span class='ocrx_word' id='word_1_2' title='bbox 203 500 240 538; x_wconf 90' lang='lat' dir='ltr'>ea</span> <span class='ocrx_word' id='word_1_3' title='bbox 262 497 390 558; x_wconf 90' lang='lat' dir='ltr'>quoque,</span> <span class='ocrx_word' id='word_1_4' title='bbox 412 496 490 556; x_wconf 87' lang='lat' dir='ltr'>quae</span> <span class='ocrx_word' id='word_1_5' title='bbox 513 483 625 537; x_wconf 84' lang='lat' dir='ltr'>veteres</span> <span class='ocrx_word' id='word_1_6' title='bbox 655 473 852 568; x_wconf 85' lang='lat' dir='ltr'>tradiderunt,</span> <span class='ocrx_word' id='word_1_7' title='bbox 884 475 942 534; x_wconf 87' lang='lat' dir='ltr'>nisi</span> <span class='ocrx_word' id='word_1_8' title='bbox 972 475 1103 535; x_wconf 90' lang='lat' dir='ltr'>omnium</span> <span class='ocrx_word' id='word_1_9' title='bbox 1134 495 1286 536; x_wconf 83' lang='lat' dir='ltr'>consensu</span> 
     </span>
    </p>
   </div>
   <div class='ocr_carea' id='block_1_3' title="bbox 203 595 1286 677">
    <p class='ocr_par' dir='ltr' id='par_1_3' title="bbox 203 595 1286 677">
     <span class='ocr_line' id='line_1_3' title="bbox 203 595 1286 677; baseline -0.004 -17"><span class='ocrx_word' id='word_1_10' title='bbox 203 599 426 670; x_wconf 87' lang='lat' dir='ltr'>confirmantur,</span> <span class='ocrx_word' id='word_1_11' title='bbox 458 617 512 677; x_wconf 93' lang='lat' dir='ltr'>pro</span> <span class='ocrx_word' id='word_1_12' title='bbox 535 605 614 658; x_wconf 90' lang='lat' dir='ltr'>certo</span> <span class='ocrx_word' id='word_1_13' title='bbox 642 595 752 658; x_wconf 90' lang='lat' dir='ltr'>habere</span> <span class='ocrx_word' id='word_1_14' title='bbox 782 596 1001 658; x_wconf 82' lang='lat' dir='ltr'><strong>dubitabimus.</strong></span> <span class='ocrx_word' id='word_1_15' title='bbox 1047 598 1135 674; x_wconf 74' lang='lat' dir='ltr'>Quae</span> <span class='ocrx_word' id='word_1_16' title='bbox 1163 597 1286 677; x_wconf 82' lang='lat' dir='ltr'>Thucy-</span> 
     </span>
    </p>
   </div>
   <div class='ocr_carea' id='block_1_4' title="bbox 112 717 1299 798">
    <p class='ocr_par' dir='ltr' id='par_1_4' title="bbox 112 717 1299 798">
     <span class='ocr_line' id='line_1_4' title="bbox 112 717 1299 798; baseline -0.002 -19"><span class='ocrx_word' id='word_1_17' title='bbox 112 735 116 742; x_wconf 84' lang='grc'><strong><em>·</em></strong></span> <span class='ocrx_word' id='word_1_18' title='bbox 203 719 288 780; x_wconf 92' lang='lat' dir='ltr'>dides</span> <span class='ocrx_word' id='word_1_19' title='bbox 311 718 444 792; x_wconf 89' lang='lat' dir='ltr'>rettulit,</span> <span class='ocrx_word' id='word_1_20' title='bbox 465 718 549 798; x_wconf 90' lang='lat' dir='ltr'>prius</span> <span class='ocrx_word' id='word_1_21' title='bbox 582 717 620 778; x_wconf 90' lang='lat' dir='ltr'>ab</span> <span class='ocrx_word' id='word_1_22' title='bbox 644 718 725 777; x_wconf 93' lang='lat' dir='ltr'>omni</span> <span class='ocrx_word' id='word_1_23' title='bbox 759 717 909 798; x_wconf 84' lang='lat' dir='ltr'>opinionis</span> <span class='ocrx_word' id='word_1_24' title='bbox 941 717 1066 778; x_wconf 87' lang='lat' dir='ltr'>arbitrio</span> <span class='ocrx_word' id='word_1_25' title='bbox 1096 726 1213 779; x_wconf 90' lang='lat' dir='ltr'>remota</span> <span class='ocrx_word' id='word_1_26' title='bbox 1247 739 1299 777; x_wconf 51' lang='lat' dir='ltr'>en¹</span> 
     </span>
    </p>
   </div>
   <div class='ocr_carea' id='block_1_5' title="bbox 202 838 1287 1405">
    <p class='ocr_par' dir='ltr' id='par_1_5' title="bbox 202 838 1287 1405">
     <span class='ocr_line' id='line_1_5' title="bbox 202 838 1287 919; baseline -0.001 -19"><span class='ocrx_word' id='word_1_27' title='bbox 202 840 293 901; x_wconf 86' lang='lat' dir='ltr'>rebus</span> <span class='ocrx_word' id='word_1_28' title='bbox 315 839 464 919; x_wconf 87' lang='lat' dir='ltr'>factisque</span> <span class='ocrx_word' id='word_1_29' title='bbox 489 846 614 898; x_wconf 90' lang='lat' dir='ltr'>narrata</span> <span class='ocrx_word' id='word_1_30' title='bbox 643 838 852 911; x_wconf 87' lang='lat' dir='ltr'>habebantur;</span> <span class='ocrx_word' id='word_1_31' title='bbox 881 838 941 898; x_wconf 92' lang='lat' dir='ltr'>iam</span> <span class='ocrx_word' id='word_1_32' title='bbox 981 859 1047 899; x_wconf 89' lang='lat' dir='ltr'>eum</span> <span class='ocrx_word' id='word_1_33' title='bbox 1082 839 1146 910; x_wconf 86' lang='lat' dir='ltr'>sine</span> <span class='ocrx_word' id='word_1_34' title='bbox 1174 838 1223 898; x_wconf 91' lang='lat' dir='ltr'>ira</span> <span class='ocrx_word' id='word_1_35' title='bbox 1257 849 1287 899; x_wconf 90' lang='lat' dir='ltr'>et</span> 
     </span>
     <span class='ocr_line' id='line_1_6' title="bbox 204 958 1286 1040; baseline -0.003 -18"><span class='ocrx_word' id='word_1_36' title='bbox 204 961 304 1022; x_wconf 91' lang='lat' dir='ltr'>studio</span> <span class='ocrx_word' id='word_1_37' title='bbox 329 960 484 1040; x_wconf 83' lang='lat' dir='ltr'>scripsisse</span> <span class='ocrx_word' id='word_1_38' title='bbox 506 960 606 1020; x_wconf 87' lang='lat' dir='ltr'>minus</span> <span class='ocrx_word' id='word_1_39' title='bbox 631 959 793 1022; x_wconf 90' lang='lat' dir='ltr'>verisimile</span> <span class='ocrx_word' id='word_1_40' title='bbox 813 959 933 1022; x_wconf 90' lang='lat' dir='ltr'>videtur</span> <span class='ocrx_word' id='word_1_41' title='bbox 955 981 1026 1021; x_wconf 88' lang='lat' dir='ltr'>esse.</span> <span class='ocrx_word' id='word_1_42' title='bbox 1072 959 1153 1020; x_wconf 90' lang='lat' dir='ltr'>Nam</span> <span class='ocrx_word' id='word_1_43' title='bbox 1177 958 1286 1021; x_wconf 85' lang='lat' dir='ltr'>Cleoni</span> 
     </span>
     <span class='ocr_line' id='line_1_7' title="bbox 205 1053 1287 1156; baseline 0.001 -15"><span class='ocrx_word' id='word_1_44' title='bbox 205 1081 294 1144; x_wconf 89' lang='lat' dir='ltr'>nimis</span> <span class='ocrx_word' id='word_1_45' title='bbox 317 1079 508 1156; x_wconf 71' lang='lat' dir='ltr'>detrectavit,</span> <span class='ocrx_word' id='word_1_46' title='bbox 532 1073 656 1140; x_wconf 84' lang='lat' dir='ltr'>Niciam</span> <span class='ocrx_word' id='word_1_47' title='bbox 680 1080 769 1140; x_wconf 89' lang='lat' dir='ltr'>nimis</span> <span class='ocrx_word' id='word_1_48' title='bbox 792 1080 935 1142; x_wconf 91' lang='lat' dir='ltr'>laudibus</span> <span class='ocrx_word' id='word_1_49' title='bbox 960 1079 1077 1141; x_wconf 86' lang='lat' dir='ltr'>extulit.</span> <span class='ocrx_word' id='word_1_50' title='bbox 1122 1053 1287 1142; x_wconf 75' lang='lat' dir='ltr'>Praeterea</span> 
     </span>
     <span class='ocr_line' id='line_1_8' title="bbox 205 1198 1286 1282; baseline 0 -19"><span class='ocrx_word' id='word_1_51' title='bbox 205 1203 303 1264; x_wconf 88' lang='lat' dir='ltr'>multa</span> <span class='ocrx_word' id='word_1_52' title='bbox 327 1201 446 1263; x_wconf 89' lang='lat' dir='ltr'>silentio</span> <span class='ocrx_word' id='word_1_53' title='bbox 468 1202 634 1282; x_wconf 88' lang='lat' dir='ltr'>praeteriit,</span> <span class='ocrx_word' id='word_1_54' title='bbox 657 1223 735 1281; x_wconf 92' lang='lat' dir='ltr'>quae</span> <span class='ocrx_word' id='word_1_55' title='bbox 756 1202 865 1262; x_wconf 88' lang='lat' dir='ltr'>referre</span> <span class='ocrx_word' id='word_1_56' title='bbox 883 1222 950 1262; x_wconf 91' lang='lat' dir='ltr'>eum</span> <span class='ocrx_word' id='word_1_57' title='bbox 963 1201 1095 1282; x_wconf 90' lang='lat' dir='ltr'>oportuit</span> <span class='ocrx_word' id='word_1_58' title='bbox 1110 1198 1142 1282; x_wconf 87' lang='lat'>¹).</span> <span class='ocrx_word' id='word_1_59' title='bbox 1188 1202 1286 1264; x_wconf 82' lang='lat' dir='ltr'>Plane</span> 
     </span>
     <span class='ocr_line' id='line_1_9' title="bbox 206 1323 1285 1405; baseline -0.005 -18"><span class='ocrx_word' id='word_1_60' title='bbox 206 1325 300 1387; x_wconf 87' lang='lat' dir='ltr'>aliam</span> <span class='ocrx_word' id='word_1_61' title='bbox 325 1332 415 1403; x_wconf 86' lang='lat' dir='ltr'>atque</span> <span class='ocrx_word' id='word_1_62' title='bbox 437 1323 628 1405; x_wconf 87' lang='lat' dir='ltr'>Thucydides</span> <span class='ocrx_word' id='word_1_63' title='bbox 654 1323 829 1386; x_wconf 87' lang='lat' dir='ltr'>Herodotus</span> <span class='ocrx_word' id='word_1_64' title='bbox 859 1323 1010 1385; x_wconf 90' lang='lat' dir='ltr'>scribendi</span> <span class='ocrx_word' id='word_1_65' title='bbox 1041 1323 1099 1384; x_wconf 90' lang='lat' dir='ltr'>init</span> <span class='ocrx_word' id='word_1_66' title='bbox 1128 1323 1285 1396; x_wconf 89' lang='lat' dir='ltr'>rationem,</span> 
     </span>
    </p>
   </div>
   <div class='ocr_carea' id='block_1_6' title="bbox 206 1445 1286 1646">
    <p class='ocr_par' dir='ltr' id='par_1_6' title="bbox 206 1445 1286 1646">
     <span class='ocr_line' id='line_1_10' title="bbox 206 1445 1285 1527; baseline -0.004 -20"><span class='ocrx_word' id='word_1_67' title='bbox 206 1447 260 1527; x_wconf 87' lang='lat' dir='ltr'>qui</span> <span class='ocrx_word' id='word_1_68' title='bbox 283 1467 344 1506; x_wconf 92' lang='lat' dir='ltr'>non</span> <span class='ocrx_word' id='word_1_69' title='bbox 363 1446 500 1526; x_wconf 85' lang='lat' dir='ltr'>singulas</span> <span class='ocrx_word' id='word_1_70' title='bbox 524 1454 736 1527; x_wconf 89' lang='lat' dir='ltr'>tempestates,</span> <span class='ocrx_word' id='word_1_71' title='bbox 758 1446 807 1506; x_wconf 91' lang='lat' dir='ltr'>sed</span> <span class='ocrx_word' id='word_1_72' title='bbox 831 1446 923 1507; x_wconf 89' lang='lat' dir='ltr'>totius</span> <span class='ocrx_word' id='word_1_73' title='bbox 947 1445 1027 1506; x_wconf 90' lang='lat' dir='ltr'>orbis</span> <span class='ocrx_word' id='word_1_74' title='bbox 1050 1454 1198 1506; x_wconf 89' lang='lat' dir='ltr'>terrarum</span> <span class='ocrx_word' id='word_1_75' title='bbox 1220 1452 1285 1506; x_wconf 87' lang='lat' dir='ltr'>turn</span> 
     </span>
     <span class='ocr_line' id='line_1_11' title="bbox 206 1562 1286 1646; baseline 0.002 -21"><span class='ocrx_word' id='word_1_76' title='bbox 206 1563 339 1644; x_wconf 78' lang='lat' dir='ltr'>antiquis</span> <span class='ocrx_word' id='word_1_77' title='bbox 362 1563 426 1624; x_wconf 92' lang='lat' dir='ltr'>noti</span> <span class='ocrx_word' id='word_1_78' title='bbox 449 1563 592 1624; x_wconf 88' lang='lat' dir='ltr'>historias</span> <span class='ocrx_word' id='word_1_79' title='bbox 615 1562 784 1623; x_wconf 83' lang='lat' dir='ltr'>describere</span> <span class='ocrx_word' id='word_1_80' title='bbox 805 1571 931 1624; x_wconf 91' lang='lat' dir='ltr'>conatus</span> <span class='ocrx_word' id='word_1_81' title='bbox 953 1563 984 1622; x_wconf 94' lang='lat' dir='ltr'>id</span> <span class='ocrx_word' id='word_1_82' title='bbox 1007 1563 1115 1630; x_wconf 87' lang='lat' dir='ltr'>studet,</span> <span class='ocrx_word' id='word_1_83' title='bbox 1140 1573 1175 1626; x_wconf 90' lang='lat' dir='ltr'>ut</span> <span class='ocrx_word' id='word_1_84' title='bbox 1194 1587 1286 1646; x_wconf 90' lang='lat' dir='ltr'>quae-</span> 
     </span>
    </p>
   </div>
   <div class='ocr_carea' id='block_1_7' title="bbox 205 1683 1289 2373">
    <p class='ocr_par' dir='ltr' id='par_1_7' title="bbox 205 1683 1289 2373">
     <span class='ocr_line' id='line_1_12' title="bbox 205 1683 1286 1765; baseline 0.004 -20"><span class='ocrx_word' id='word_1_85' title='bbox 205 1705 323 1764; x_wconf 91' lang='lat' dir='ltr'>eunque</span> <span class='ocrx_word' id='word_1_86' title='bbox 345 1685 411 1764; x_wconf 91' lang='lat' dir='ltr'>ipse</span> <span class='ocrx_word' id='word_1_87' title='bbox 441 1684 567 1758; x_wconf 91' lang='lat' dir='ltr'>viderit,</span> <span class='ocrx_word' id='word_1_88' title='bbox 599 1685 664 1765; x_wconf 88' lang='lat' dir='ltr'>ipse</span> <span class='ocrx_word' id='word_1_89' title='bbox 700 1683 883 1764; x_wconf 89' lang='lat' dir='ltr'>compererit,</span> <span class='ocrx_word' id='word_1_90' title='bbox 918 1705 1116 1765; x_wconf 88' lang='lat' dir='ltr'>quaeeunque</span> <span class='ocrx_word' id='word_1_91' title='bbox 1149 1687 1286 1749; x_wconf 87' lang='lat' dir='ltr'>debuerit</span> 
     </span>
     <span class='ocr_line' id='line_1_13' title="bbox 205 1805 1287 1889; baseline 0.004 -23"><span class='ocrx_word' id='word_1_92' title='bbox 205 1805 332 1866; x_wconf 92' lang='lat' dir='ltr'>aliorum</span> <span class='ocrx_word' id='word_1_93' title='bbox 357 1805 592 1879; x_wconf 86' lang='lat' dir='ltr'>narrationibus,</span> <span class='ocrx_word' id='word_1_94' title='bbox 616 1805 778 1886; x_wconf 84' lang='lat' dir='ltr'>legentium</span> <span class='ocrx_word' id='word_1_95' title='bbox 803 1814 953 1886; x_wconf 90' lang='lat' dir='ltr'>proponat</span> <span class='ocrx_word' id='word_1_96' title='bbox 984 1807 1092 1866; x_wconf 76' lang='lat' dir='ltr'>animis</span> <span class='ocrx_word' id='word_1_97' title='bbox 1123 1827 1287 1889; x_wconf 88' lang='lat' dir='ltr'>eorumque</span> 
     </span>
     <span class='ocr_line' id='line_1_14' title="bbox 205 1927 1287 2010; baseline 0.003 -22"><span class='ocrx_word' id='word_1_98' title='bbox 205 1927 331 1989; x_wconf 89' lang='lat' dir='ltr'>arbitrio</span> <span class='ocrx_word' id='word_1_99' title='bbox 353 1927 517 2007; x_wconf 89' lang='lat' dir='ltr'>permittat,</span> <span class='ocrx_word' id='word_1_100' title='bbox 541 1927 612 2008; x_wconf 90' lang='lat' dir='ltr'>quid</span> <span class='ocrx_word' id='word_1_101' title='bbox 636 1948 739 1989; x_wconf 91' lang='lat' dir='ltr'>verum</span> <span class='ocrx_word' id='word_1_102' title='bbox 764 1927 905 2002; x_wconf 88' lang='lat' dir='ltr'>habeant,</span> <span class='ocrx_word' id='word_1_103' title='bbox 927 1928 998 2008; x_wconf 92' lang='lat' dir='ltr'>quid</span> <span class='ocrx_word' id='word_1_104' title='bbox 1024 1928 1146 2002; x_wconf 85' lang='lat' dir='ltr'>falsum,</span> <span class='ocrx_word' id='word_1_105' title='bbox 1170 1929 1287 2010; x_wconf 90' lang='lat' dir='ltr'>discep-</span> 
     </span>
     <span class='ocr_line' id='line_1_15' title="bbox 205 2049 1288 2131; baseline 0.001 -21"><span class='ocrx_word' id='word_1_106' title='bbox 205 2057 269 2110; x_wconf 91' lang='lat' dir='ltr'>tare</span> <span class='ocrx_word' id='word_1_107' title='bbox 284 2051 314 2125; x_wconf 78' lang='lat'>²).</span> <span class='ocrx_word' id='word_1_108' title='bbox 361 2049 500 2112; x_wconf 90' lang='lat' dir='ltr'>Aliorum</span> <span class='ocrx_word' id='word_1_109' title='bbox 526 2049 645 2128; x_wconf 88' lang='lat' dir='ltr'>seriptis</span> <span class='ocrx_word' id='word_1_110' title='bbox 668 2070 735 2110; x_wconf 88' lang='lat' dir='ltr'>cum</span> <span class='ocrx_word' id='word_1_111' title='bbox 759 2069 859 2129; x_wconf 89' lang='lat' dir='ltr'>pauca</span> <span class='ocrx_word' id='word_1_112' title='bbox 880 2049 996 2124; x_wconf 90' lang='lat' dir='ltr'>debeat,</span> <span class='ocrx_word' id='word_1_113' title='bbox 1021 2050 1145 2111; x_wconf 84' lang='lat' dir='ltr'>difficile</span> <span class='ocrx_word' id='word_1_114' title='bbox 1159 2059 1206 2112; x_wconf 89' lang='lat' dir='ltr'>est</span> <span class='ocrx_word' id='word_1_115' title='bbox 1221 2073 1288 2131; x_wconf 89' lang='lat' dir='ltr'>per-</span> 
     </span>
     <span class='ocr_line' id='line_1_16' title="bbox 206 2170 1289 2254; baseline 0.002 -22"><span class='ocrx_word' id='word_1_116' title='bbox 206 2171 342 2245; x_wconf 87' lang='lat' dir='ltr'>scrutari,</span> <span class='ocrx_word' id='word_1_117' title='bbox 366 2170 548 2250; x_wconf 90' lang='lat' dir='ltr'>quibusnam</span> <span class='ocrx_word' id='word_1_118' title='bbox 562 2170 706 2245; x_wconf 87' lang='lat' dir='ltr'>fontibus,</span> <span class='ocrx_word' id='word_1_119' title='bbox 730 2171 863 2232; x_wconf 82' lang='lat' dir='ltr'>maxime</span> <span class='ocrx_word' id='word_1_120' title='bbox 879 2171 907 2230; x_wconf 92' lang='lat' dir='ltr'>in</span> <span class='ocrx_word' id='word_1_121' title='bbox 928 2171 1143 2251; x_wconf 84' lang='lat' dir='ltr'>posterioribus</span> <span class='ocrx_word' id='word_1_122' title='bbox 1157 2173 1289 2254; x_wconf 89' lang='lat' dir='ltr'>scriptis,</span> 
     </span>
     <span class='ocr_line' id='line_1_17' title="bbox 207 2291 1287 2373; baseline 0.002 -21"><span class='ocrx_word' id='word_1_123' title='bbox 207 2313 280 2353; x_wconf 90' lang='lat' dir='ltr'>usus</span> <span class='ocrx_word' id='word_1_124' title='bbox 304 2291 446 2353; x_wconf 87' lang='lat' dir='ltr'>historias</span> <span class='ocrx_word' id='word_1_125' title='bbox 470 2311 541 2353; x_wconf 90' lang='lat' dir='ltr'>suas</span> <span class='ocrx_word' id='word_1_126' title='bbox 564 2293 767 2372; x_wconf 88' lang='lat' dir='ltr'>composuerit</span> <span class='ocrx_word' id='word_1_127' title='bbox 797 2301 827 2354; x_wconf 92' lang='lat' dir='ltr'>et</span> <span class='ocrx_word' id='word_1_128' title='bbox 857 2313 917 2373; x_wconf 92' lang='lat' dir='ltr'>qua</span> <span class='ocrx_word' id='word_1_129' title='bbox 943 2293 1061 2355; x_wconf 88' lang='lat' dir='ltr'>ratione</span> <span class='ocrx_word' id='word_1_130' title='bbox 1088 2314 1165 2373; x_wconf 87' lang='lat' dir='ltr'>opus</span> <span class='ocrx_word' id='word_1_131' title='bbox 1198 2315 1287 2356; x_wconf 86' lang='lat' dir='ltr'>suurn</span> 
     </span>
    </p>
   </div>
   <div class='ocr_carea' id='block_1_8' title="bbox 207 2414 449 2477">
    <p class='ocr_par' dir='ltr' id='par_1_8' title="bbox 207 2414 449 2477">
     <span class='ocr_line' id='line_1_18' title="bbox 207 2414 449 2477; baseline 0.012 -3"><span class='ocrx_word' id='word_1_132' title='bbox 207 2414 449 2477; x_wconf 87' lang='lat' dir='ltr'>conformaverit.</span> 
     </span>
    </p>
   </div>
   <div class='ocr_carea' id='block_1_9' title="bbox 203 2553 1292 2996">
    <p class='ocr_par' dir='ltr' id='par_1_9' title="bbox 203 2553 1292 2996">
     <span class='ocr_line' id='line_1_19' title="bbox 307 2553 1292 2633; baseline 0 -19"><span class='ocrx_word' id='word_1_133' title='bbox 307 2555 416 2632; x_wconf 79' lang='lat' dir='ltr'>ltaque</span> <span class='ocrx_word' id='word_1_134' title='bbox 437 2553 495 2614; x_wconf 85' lang='lat' dir='ltr'>hac</span> <span class='ocrx_word' id='word_1_135' title='bbox 516 2553 590 2613; x_wconf 88' lang='lat' dir='ltr'>mihi</span> <span class='ocrx_word' id='word_1_136' title='bbox 613 2554 864 2614; x_wconf 88' lang='lat' dir='ltr'>commentatione</span> <span class='ocrx_word' id='word_1_137' title='bbox 886 2553 1047 2633; x_wconf 87' lang='lat' dir='ltr'>proposui,</span> <span class='ocrx_word' id='word_1_138' title='bbox 1070 2561 1200 2630; x_wconf 84' lang='lat' dir='ltr'>atquae</span> <span class='ocrx_word' id='word_1_139' title='bbox 1234 2553 1292 2614; x_wconf 89' lang='lat' dir='ltr'>alii</span> 
     </span>
     <span class='ocr_line' id='line_1_20' title="bbox 206 2673 1291 2755; baseline 0.002 -22"><span class='ocrx_word' id='word_1_140' title='bbox 206 2674 324 2735; x_wconf 90' lang='lat' dir='ltr'>dehac</span> <span class='ocrx_word' id='word_1_141' title='bbox 347 2695 378 2736; x_wconf 93' lang='lat' dir='ltr'>re</span> <span class='ocrx_word' id='word_1_142' title='bbox 400 2675 625 2751; x_wconf 82' lang='lat' dir='ltr'>disseruerunt,</span> <span class='ocrx_word' id='word_1_143' title='bbox 649 2673 754 2755; x_wconf 90' lang='lat' dir='ltr'>paullo</span> <span class='ocrx_word' id='word_1_144' title='bbox 777 2675 950 2754; x_wconf 85' lang='lat' dir='ltr'>diligentius</span> <span class='ocrx_word' id='word_1_145' title='bbox 973 2675 1156 2755; x_wconf 89' lang='lat' dir='ltr'>perquiram,</span> <span class='ocrx_word' id='word_1_146' title='bbox 1181 2682 1236 2733; x_wconf 90' lang='lat' dir='ltr'>aut</span> <span class='ocrx_word' id='word_1_147' title='bbox 1265 2676 1291 2735; x_wconf 90' lang='lat' dir='ltr'>si</span> 
     </span>
     <span class='ocr_line' id='line_1_21' title="bbox 207 2795 1291 2876; baseline 0.002 -22"><span class='ocrx_word' id='word_1_148' title='bbox 207 2815 282 2874; x_wconf 89' lang='lat' dir='ltr'>opus</span> <span class='ocrx_word' id='word_1_149' title='bbox 302 2795 366 2869; x_wconf 90' lang='lat' dir='ltr'>erit,</span> <span class='ocrx_word' id='word_1_150' title='bbox 389 2795 510 2857; x_wconf 89' lang='lat' dir='ltr'>reiciam</span> <span class='ocrx_word' id='word_1_151' title='bbox 541 2817 679 2876; x_wconf 89' lang='lat' dir='ltr'>quaeque</span> <span class='ocrx_word' id='word_1_152' title='bbox 701 2795 798 2875; x_wconf 87' lang='lat' dir='ltr'>magis</span> <span class='ocrx_word' id='word_1_153' title='bbox 821 2795 994 2876; x_wconf 84' lang='lat' dir='ltr'>probabilia</span> <span class='ocrx_word' id='word_1_154' title='bbox 1018 2795 1197 2869; x_wconf 88' lang='lat' dir='ltr'>videantur,</span> <span class='ocrx_word' id='word_1_155' title='bbox 1221 2817 1291 2876; x_wconf 89' lang='lat' dir='ltr'>pro-</span> 
     </span>
     <span class='ocr_line' id='line_1_22' title="bbox 203 2935 325 2996; baseline 0.008 -20"><span class='ocrx_word' id='word_1_156' title='bbox 203 2935 325 2996; x_wconf 89' lang='lat' dir='ltr'>ponam.</span> 
     </span>
    </p>
   </div>
   <div class='ocr_carea' id='block_1_10' title="bbox 203 3073 1290 3519">
    <p class='ocr_par' dir='ltr' id='par_1_10' title="bbox 203 3073 1290 3519">
     <span class='ocr_line' id='line_1_23' title="bbox 309 3073 1288 3148; baseline -0.002 -14"><span class='ocrx_word' id='word_1_157' title='bbox 309 3074 462 3135; x_wconf 86' lang='lat' dir='ltr'>Accurate</span> <span class='ocrx_word' id='word_1_158' title='bbox 481 3073 512 3132; x_wconf 94' lang='lat' dir='ltr'>in</span> <span class='ocrx_word' id='word_1_159' title='bbox 537 3075 688 3135; x_wconf 89' lang='lat' dir='ltr'>Herodoti</span> <span class='ocrx_word' id='word_1_160' title='bbox 711 3075 811 3135; x_wconf 86' lang='lat' dir='ltr'>fontes</span> <span class='ocrx_word' id='word_1_161' title='bbox 839 3095 905 3135; x_wconf 92' lang='lat' dir='ltr'>cum</span> <span class='ocrx_word' id='word_1_162' title='bbox 929 3075 1059 3135; x_wconf 87' lang='lat' dir='ltr'>aliarum</span> <span class='ocrx_word' id='word_1_163' title='bbox 1082 3073 1288 3148; x_wconf 89' lang='lat' dir='ltr'>historiarum,</span> 
     </span>
     <span class='ocr_line' id='line_1_24' title="bbox 206 3194 1289 3274; baseline -0.001 -18"><span class='ocrx_word' id='word_1_164' title='bbox 206 3204 270 3256; x_wconf 90' lang='lat' dir='ltr'>tum</span> <span class='ocrx_word' id='word_1_165' title='bbox 290 3194 439 3255; x_wconf 86' lang='lat' dir='ltr'>bellorum</span> <span class='ocrx_word' id='word_1_166' title='bbox 462 3194 650 3256; x_wconf 83' lang='lat' dir='ltr'>Persicorum</span> <span class='ocrx_word' id='word_1_167' title='bbox 680 3194 838 3274; x_wconf 88' lang='lat' dir='ltr'>inquisivit</span> <span class='ocrx_word' id='word_1_168' title='bbox 863 3195 1130 3258; x_wconf 82' lang='lat' dir='ltr'>O.W.Nitzsch</span> <span class='ocrx_word' id='word_1_169' title='bbox 1153 3195 1183 3253; x_wconf 95' lang='lat' dir='ltr'>in</span> <span class='ocrx_word' id='word_1_170' title='bbox 1210 3215 1289 3255; x_wconf 89' lang='lat' dir='ltr'>mus.</span> 
     </span>
     <span class='ocr_line' id='line_1_25' title="bbox 204 3316 1290 3398; baseline -0.002 -21"><span class='ocrx_word' id='word_1_171' title='bbox 204 3316 288 3378; x_wconf 91' lang='lat' dir='ltr'>rhen.</span> <span class='ocrx_word' id='word_1_172' title='bbox 312 3316 371 3379; x_wconf 92' lang='lat' dir='ltr'>vol.</span> <span class='ocrx_word' id='word_1_173' title='bbox 396 3317 548 3389; x_wconf 89' lang='lat' dir='ltr'>XXVII;</span> <span class='ocrx_word' id='word_1_174' title='bbox 581 3317 679 3379; x_wconf 91' lang='lat' dir='ltr'>multa</span> <span class='ocrx_word' id='word_1_175' title='bbox 697 3317 835 3398; x_wconf 84' lang='lat' dir='ltr'>protulit,</span> <span class='ocrx_word' id='word_1_176' title='bbox 857 3339 935 3397; x_wconf 91' lang='lat' dir='ltr'>quae</span> <span class='ocrx_word' id='word_1_177' title='bbox 955 3318 1109 3396; x_wconf 86' lang='lat' dir='ltr'>ingeniose</span> <span class='ocrx_word' id='word_1_178' title='bbox 1137 3337 1290 3377; x_wconf 91' lang='lat' dir='ltr'>commen-</span> 
     </span>
     <span class='ocr_line' id='line_1_26' title="bbox 203 3438 1288 3519; baseline -0.003 -20"><span class='ocrx_word' id='word_1_179' title='bbox 203 3447 276 3511; x_wconf 88' lang='lat' dir='ltr'>tata,</span> <span class='ocrx_word' id='word_1_180' title='bbox 300 3440 398 3519; x_wconf 86' lang='lat' dir='ltr'>prima</span> <span class='ocrx_word' id='word_1_181' title='bbox 422 3438 520 3517; x_wconf 88' lang='lat' dir='ltr'>specie</span> <span class='ocrx_word' id='word_1_182' title='bbox 542 3438 768 3518; x_wconf 90' lang='lat' dir='ltr'>comprobanda</span> <span class='ocrx_word' id='word_1_183' title='bbox 781 3439 924 3502; x_wconf 90' lang='lat' dir='ltr'>videntur</span> <span class='ocrx_word' id='word_1_184' title='bbox 946 3459 1019 3512; x_wconf 86' lang='lat' dir='ltr'>esse,</span> <span class='ocrx_word' id='word_1_185' title='bbox 1044 3438 1090 3498; x_wconf 92' lang='lat' dir='ltr'>sin</span> <span class='ocrx_word' id='word_1_186' title='bbox 1115 3439 1288 3498; x_wconf 86' lang='lat' dir='ltr'>accuratius</span> 
     </span>
    </p>
   </div>
   <div class='ocr_carea' id='block_1_11' title="bbox 204 3559 1290 3640">
    <p class='ocr_par' dir='ltr' id='par_1_11' title="bbox 204 3559 1290 3640">
     <span class='ocr_line' id='line_1_27' title="bbox 204 3559 1290 3640; baseline -0.002 -21"><span class='ocrx_word' id='word_1_187' title='bbox 204 3559 450 3630; x_wconf 89' lang='lat' dir='ltr'>consideraveris,</span> <span class='ocrx_word' id='word_1_188' title='bbox 474 3559 562 3621; x_wconf 91' lang='lat' dir='ltr'>certis</span> <span class='ocrx_word' id='word_1_189' title='bbox 579 3560 763 3639; x_wconf 82' lang='lat' dir='ltr'>argumentis</span> <span class='ocrx_word' id='word_1_190' title='bbox 778 3560 948 3620; x_wconf 91' lang='lat' dir='ltr'>confirmari</span> <span class='ocrx_word' id='word_1_191' title='bbox 971 3568 1133 3640; x_wconf 89' lang='lat' dir='ltr'>nequeunt.</span> <span class='ocrx_word' id='word_1_192' title='bbox 1178 3559 1290 3637; x_wconf 85' lang='lat' dir='ltr'>Itaque</span> 
     </span>
    </p>
   </div>
   <div class='ocr_carea' id='block_1_12' title="bbox 201 3832 1289 4096">
    <p class='ocr_par' dir='ltr' id='par_1_12' title="bbox 201 3832 1289 4096">
     <span class='ocr_line' id='line_1_28' title="bbox 308 3832 1289 3916; baseline -0.003 -21"><span class='ocrx_word' id='word_1_193' title='bbox 308 3832 394 3916; x_wconf 80' lang='grc' dir='ltr'>1)ο1.</span> <span class='ocrx_word' id='word_1_194' title='bbox 419 3833 793 3913; x_wconf 74' lang='lat' dir='ltr'>Mtrller-Strnbing,</span> <span class='ocrx_word' id='word_1_195' title='bbox 828 3833 983 3914; x_wconf 87' lang='lat' dir='ltr'>Aristoph.</span> <span class='ocrx_word' id='word_1_196' title='bbox 1018 3833 1082 3892; x_wconf 90' lang='lat' dir='ltr'>und</span> <span class='ocrx_word' id='word_1_197' title='bbox 1113 3833 1164 3894; x_wconf 91' lang='lat' dir='ltr'>die</span> <span class='ocrx_word' id='word_1_198' title='bbox 1195 3832 1289 3892; x_wconf 90' lang='lat' dir='ltr'>histo-</span> 
     </span>
     <span class='ocr_line' id='line_1_29' title="bbox 201 3918 1288 4002; baseline 0 -21"><span class='ocrx_word' id='word_1_199' title='bbox 201 3921 300 3982; x_wconf 85' lang='lat' dir='ltr'>rische</span> <span class='ocrx_word' id='word_1_200' title='bbox 323 3921 437 3995; x_wconf 89' lang='lat' dir='ltr'>Kritik,</span> <span class='ocrx_word' id='word_1_201' title='bbox 460 3943 490 4002; x_wconf 94' lang='lat' dir='ltr'>p.</span> <span class='ocrx_word' id='word_1_202' title='bbox 514 3921 577 3982; x_wconf 78' lang='lat'>359</span> <span class='ocrx_word' id='word_1_203' title='bbox 601 3941 674 4000; x_wconf 72' lang='lat' dir='ltr'>sqq,</span> <span class='ocrx_word' id='word_1_204' title='bbox 696 3919 759 3980; x_wconf 81' lang='grc'>425</span> <span class='ocrx_word' id='word_1_205' title='bbox 777 3941 851 4001; x_wconf 69' lang='lat' dir='ltr'>sqq,</span> <span class='ocrx_word' id='word_1_206' title='bbox 873 3919 954 3996; x_wconf 83' lang='grc' dir='ltr'>432,Ι</span> <span class='ocrx_word' id='word_1_207' title='bbox 970 3919 1042 3994; x_wconf 85' lang='grc'><strong>441,</strong></span> <span class='ocrx_word' id='word_1_208' title='bbox 1060 3918 1134 3992; x_wconf 87' lang='grc'><strong>466,</strong></span> <span class='ocrx_word' id='word_1_209' title='bbox 1160 3918 1224 3983; x_wconf 86' lang='grc'>482</span> <span class='ocrx_word' id='word_1_210' title='bbox 1242 3939 1288 4000; x_wconf 87' lang='lat' dir='ltr'>sq.</span> 
     </span>
     <span class='ocr_line' id='line_1_30' title="bbox 307 4004 861 4096; baseline 0.005 -25"><span class='ocrx_word' id='word_1_211' title='bbox 307 4004 332 4096; x_wconf 80' lang='lat'>²)</span> <span class='ocrx_word' id='word_1_212' title='bbox 356 4008 392 4071; x_wconf 88' lang='lat' dir='ltr'>cf.</span> <span class='ocrx_word' id='word_1_213' title='bbox 418 4008 452 4070; x_wconf 91' lang='grc' dir='ltr'>ΙΙ</span> <span class='ocrx_word' id='word_1_214' title='bbox 476 4007 546 4084; x_wconf 87' lang='grc'><strong>123,</strong></span> <span class='ocrx_word' id='word_1_215' title='bbox 567 4007 618 4068; x_wconf 92' lang='lat' dir='ltr'>III</span> <span class='ocrx_word' id='word_1_216' title='bbox 645 4005 713 4084; x_wconf 92' lang='grc'><strong>122,</strong></span> <span class='ocrx_word' id='word_1_217' title='bbox 738 4007 786 4074; x_wconf 88' lang='lat' dir='ltr'>VI</span> <span class='ocrx_word' id='word_1_218' title='bbox 811 4007 861 4074; x_wconf 77' lang='lat'>55,</span> 
     </span>
    </p>
   </div>
   <div class='ocr_carea' id='block_1_13' title="bbox 0 0 1395 4434">
    <p class='ocr_par' dir='ltr' id='par_1_13' title="bbox 0 0 1395 4434">
     <span class='ocr_line' id='line_1_31' title="bbox 0 0 1395 4434; baseline 0 0"><span class='ocrx_word' id='word_1_219' title='bbox 0 0 1395 4434; x_wconf 95' lang='lat' dir='ltr'> </span> 
     </span>
    </p>
   </div>
  </div>
 </body>
</html>
