2774 4434
597 301 805 361 ...25-

72 513 76 522 ¹
161 508 192 566 in
218 509 358 587 Aegypto
380 519 531 571 versatum
556 527 619 570 esse
639 509 798 570 concedere
821 511 911 587 nolet,
942 513 1042 574 facere
1072 513 1150 573 idem
1175 535 1237 573 non

163 629 282 708 poterit,
305 629 377 708 quin
401 650 469 690 eum
482 639 663 708 utrumque,
686 629 767 709 quod
789 639 931 691 narratur
955 631 992 692 de
1014 631 1184 712 Cyrenaeis,
1210 633 1242 692 in

164 747 265 808 eodem
293 746 347 807 illo
385 750 491 810 itinere
527 751 605 810 inter
636 768 750 810 annum
784 749 846 810 455
870 760 900 811 et
923 751 987 810 445
1011 753 1042 811 in
1067 755 1243 832 Aegyptum

86 893 88 898 ’
164 869 246 929 facto
269 868 419 948 accepisse
442 879 565 931 statuat.
610 869 716 948 Neque
737 879 839 931 tamen
862 872 958 932 relata
973 894 1009 956 ea
1018 873 1242 952 Cyrenaeorum

168 989 328 1049 coniuncta
362 990 441 1050 inter
472 991 555 1050 sein
580 1009 655 1068 opus
679 1009 766 1049 suum
789 991 907 1070 recepit,
947 977 1050 1052 sed'in
1073 992 1176 1053 eodem
1198 1011 1244 1052 re-

166 1109 324 1170 tractando
348 1131 435 1169 suum
459 1111 567 1190 cuique
591 1110 688 1171 locum
714 1110 855 1171 idoneum
881 1112 1028 1175 attribuit.
1073 1113 1151 1174 Tum
1171 1134 1245 1192 quo-

166 1251 224 1310 que
248 1238 319 1310 apto
339 1230 533 1290 historiarum
558 1231 623 1292 loco
646 1231 772 1291 inseruit
798 1241 827 1292 et
850 1232 960 1293 multos
983 1254 1020 1294 ex
1040 1254 1141 1294 eorum
1164 1233 1246 1294 loco·

166 1372 232 1410 rum
256 1349 389 1423 numero,
412 1351 522 1430 quibus
547 1349 585 1416 ad
609 1353 817 1414 antecedentia
840 1363 893 1413 aut
919 1354 957 1422 ad
977 1354 1167 1433 insequentia
1191 1374 1247 1412 nos

165 1470 298 1543 remittit,
321 1479 351 1530 et
372 1472 550 1548 nonnullos,
579 1472 630 1552 qui
649 1471 800 1550 pertinent
824 1474 862 1533 ad
884 1495 930 1550 ea,
963 1495 1042 1553 quae
1062 1475 1147 1535 initio
1170 1451 1246 1533 belli

166 1589 414 1668 Peloponnesiaci
429 1593 512 1653 facta
532 1602 610 1667 sunt,
635 1592 718 1652 velut
732 1592 780 1653 VI
794 1591 843 1667 98,
861 1595 926 1655 VII
947 1595 1017 1670 137,
1036 1594 1109 1667 233,
1132 1594 1183 1654 IX
1194 1594 1247 1670 73,

167 1729 264 1790 neque
286 1732 323 1772 ex
342 1711 384 1772 eis
407 1713 577 1774 necessaria
589 1713 707 1773 ratione
722 1712 890 1792 cogendum
903 1724 956 1787 est,
980 1715 1073 1775 libros
1084 1713 1248 1774 VII—IX

166 1835 246 1895 intra
269 1855 381 1894 annum
403 1834 465 1894 431
489 1843 519 1894 et
537 1832 608 1908 424,
632 1855 719 1913 quem
743 1843 813 1914 post
843 1856 956 1896 annum
984 1836 1102 1897 nullum
1125 1835 1244 1894 factum

168 1955 207 2016 ab
239 1955 395 2016 Herodoto
429 1967 688 2030 commemoratur,
721 1956 871 2017 confectos
902 1977 974 2017 esse.
1024 1956 1250 2017 Additamenta

168 2077 246 2137 enim
270 2076 418 2155 quaedam
450 2077 481 2135 in
505 2095 593 2154 opere
621 2095 675 2134 suo
705 2077 861 2138 condendo
884 2077 1033 2138 Herodoti
1067 2077 1167 2137 animo
1196 2077 1248 2136 ob-

166 2205 288 2258 versata
309 2196 423 2269 fuisse,
447 2196 495 2257 IV
516 2195 558 2256 30
581 2195 646 2274 ipse
668 2196 856 2274 profiteturl).
894 2197 984 2274 Quod
1011 2219 1081 2259 vero
1112 2198 1150 2258 ad
1178 2196 1250 2258 illos

166 2319 274 2380 attinet
295 2318 386 2394 locos,
409 2316 519 2397 quibus
543 2317 581 2377 ad
606 2317 682 2378 alias
713 2318 910 2379 historiarum
939 2329 1042 2398 partes
1065 2339 1252 2380 revocamur

165 2441 228 2501 sive
249 2438 362 2519 priores
381 2439 445 2500 sive
467 2439 656 2517 posteriores
678 2460 728 2499 eos
751 2439 855 2500 eodem
876 2438 929 2528 illo
952 2448 1086 2517 tempore
1105 2437 1247 2498 'couscri-

168 2570 238 2641 ptos
274 2581 338 2621 esse
360 2558 522 2620 verisimile
545 2568 602 2632 est,
631 2579 697 2618 cum
728 2558 819 2618 totius
841 2558 938 2637 oporis
961 2578 1079 2617 summa
1101 2556 1138 2616 ad
1159 2577 1249 2617 usum

168 2679 329 2760 legentium
360 2679 616 2740 accommodanda
638 2689 718 2752 erat3
750 2679 831 2758 quod
851 2678 992 2758 perfectis
1016 2677 1113 2757 longis
1123 2678 1250 2780 'itineri-

167 2803 223 2862 bus
246 2801 367 2862 Thuriis
391 2800 439 2862 vel
466 2801 594 2861 Athenis
617 2798 732 2860 factum
755 2819 821 2860 esse
844 2798 1040 2874 arbitramur,
1075 2799 1127 2859 ubi
1150 2809 1249 2859 morte

165 2924 325 3004 impeditus
338 2931 383 2983 est
397 2941 545 2982 summam
568 2921 649 3000 operi
665 2941 719 2981 suo
735 2941 858 2980 manum
877 2921 1036 2999 imponere.
1081 2919 1146 2979 Vix
1158 2919 1240 2980 enim

165 3043 306 3106 credibile
327 3052 379 3112 est,
404 3041 464 3102 alio
480 3041 567 3102 modo
583 3042 647 3102 fieri
669 3041 811 3120 potuisse,
835 3050 869 3102 ut
891 3049 995 3101 auctor
1010 3040 1047 3100 de
1075 3040 1134 3099 hac
1149 3039 1245 3101 illave

166 3187 196 3226 re
228 3164 288 3224 alio
323 3163 388 3224 loco
420 3182 484 3222 sese
510 3161 661 3222 dicturum
684 3161 857 3240 pollicitus,
890 3162 1030 3241 promissi
1064 3159 1151 3220 fidem
1185 3180 1246 3219 non

165 3296 340 3368 praestaret,
363 3285 420 3345 nisi
443 3284 520 3345 forte
541 3292 703 3363 putamus,
739 3303 807 3343 eum
830 3282 971 3362 promissi
993 3282 1038 3342 sui
1060 3301 1119 3340 non
1144 3279 1248 3338 memi-

165 3407 255 3483 nisse,
288 3404 451 3485 quodiam
476 3404 529 3464 alii
552 3404 795 3476 refutaverund).

268 3527 411 3605 Singulas
444 3526 536 3605 igitur
569 3525 763 3586 historiarum
796 3532 898 3603 partes
928 3543 981 3602 per
1004 3542 1035 3580 se
1057 3519 1245 3598 conscriptas

166 3635 260 3726 ireque
280 3647 392 3719 eodem,
416 3669 475 3727 quo
492 3669 545 3708 nos
559 3647 681 3720 utimur,
694 3646 799 3707 ordine
823 3643 1005 3722 compositas
1019 3663 1095 3718 esse,
1120 3661 1189 3701 cum
1208 3662 1248 3700 ex

271 3834 295 3918 ¹)
329 3827 518 3916 προςθήκας
540 3826 600 3914 γὰρ
625 3824 663 3914 δή
686 3852 740 3914 μοι
764 3823 782 3892 ὁ
808 3819 903 3911 λόγος
928 3825 962 3905 ἐξ
985 3823 1084 3910 ἀρχῆς
1105 3823 1244 3908 ἐδίζητο.

166 3923 269 3986 Stein
294 3932 427 3984 annotat.
452 3922 490 3982 ad
513 3922 564 3982 IX
587 3921 636 3982 83.

271 4011 292 4083 2)
314 4010 448 4084 Roese,
471 4029 567 4092 progr.
591 4029 692 4090 gymn.
715 4005 849 4069 Gissens.
876 4003 968 4066 1879.
