2774 4434
556 309 769 368 ..17-

117 511 191 572 libri
212 511 274 583 IV;
312 509 375 572 fieri
409 512 487 571 enim
520 532 581 572 non
617 514 727 592 potuit,
765 521 799 574 ut
831 511 973 574 scriberet
1009 511 1128 594 μοῦνοι
1165 510 1201 574 δὲ

119 681 125 693 .
152 683 158 695 .
182 680 188 693 .
212 627 367 712 ἐγένοντο
391 615 492 708 οὗτοι,
514 633 540 694 si
560 633 621 694 iam
645 643 736 696 antea
759 635 797 695 de
819 633 887 696 aliis
908 633 1012 695 eadem
1034 635 1200 698 rettulerat.

117 755 225 816 Facile
248 762 348 814 autern
374 755 499 815 enodari
521 755 632 836 poterit
653 755 707 816 illa
730 756 943 835 discrepantia,
967 755 992 816 si
1014 755 1126 818 librum
1150 756 1200 816 IX

117 885 192 938 ante
214 876 233 936 l.
255 876 304 937 IV
334 876 533 955 compositum
563 897 629 938 esse
659 878 832 939 statuimus.
876 877 957 939 Nam
988 877 1019 938 in
1048 877 1127 939 libro
1150 877 1199 938 IV

116 996 336 1058 conscribendo
371 997 462 1079 plura
497 997 534 1058 de
556 998 661 1060 eadem
689 1020 722 1060 re
743 1007 879 1075 noverat,
913 998 1070 1060 occasione
1092 1007 1200 1080 postea

116 1121 192 1180 data
215 1119 245 1178 in
269 1118 426 1180 itineribus
450 1119 664 1182 accuratiorem
689 1119 749 1180 sibi
768 1120 964 1200 comparandi
987 1119 1198 1200 cognitionem.

118 1242 223 1320 Atque
248 1239 456 1300 huiuscemodi
478 1240 603 1320 quidem·
619 1240 678 1301 loci
701 1241 906 1320 discrepantes
930 1241 1049 1320 saepius
1071 1249 1199 1320 possunt

115 1362 279 1426 observari.
317 1362 519 1424 Inveniuntur
533 1361 612 1422 enim
628 1371 657 1424 et
679 1362 710 1422 in
725 1361 876 1441 prioribus
894 1361 980 1424 libris
1000 1371 1031 1424 et
1052 1361 1083 1422 iu
1099 1370 1198 1443 poste·

115 1484 246 1546 rioribus
269 1483 338 1555 loci,
361 1504 446 1562 quos,
474 1504 542 1544 cum
566 1483 597 1544 in
622 1483 758 1563 utrisque
781 1483 819 1544 de
840 1482 945 1545 eadem
969 1503 1000 1543 re
1022 1483 1196 1560 disseratur,

114 1606 196 1668 inter
218 1627 250 1667 se
272 1625 410 1685 pugnare
450 1604 554 1684 negari
578 1625 639 1666 non
670 1613 785 1686 potest;
815 1626 894 1686 quae
919 1606 950 1666 in
980 1603 1196 1685 posterioribus

114 1725 204 1786 libris
226 1726 326 1786 minus
348 1733 488 1786 accurate
503 1725 697 1804 proferuntur
707 1725 755 1788 vel
772 1725 876 1787 leviter
892 1733 1068 1806 tanguntur,
1091 1725 1195 1786 eadem

115 1847 147 1906 in
173 1846 323 1925 prioribus
344 1845 441 1906 multo
459 1846 629 1908 accuratius
651 1846 822 1907 referuntur
843 1845 891 1907 vel
915 1845 1023 1926 corrigi
1045 1845 1194 1907 videntur.

114 1968 206 2043 Quas
228 1966 421 2028 historiarum
441 1975 543 2046 partes
561 1966 751 2029 Herodotum
776 1987 835 2028 non
860 1975 996 2027 auctores
1018 1986 1089 2026 suos
1113 1985 1195 2028 secu·

112 2099 189 2161 tum,
226 2088 277 2148 sed
312 2097 376 2148 tum
411 2089 531 2149 demum
565 2088 779 2168 conscripsisse
809 2096 894 2166 puto.
931 2107 998 2147 cum
1021 2086 1193 2147 interiorem

112 2230 213 2270 rerum
238 2209 393 2270 scientium
416 2210 558 2288 consequi
581 2210 687 2289 potuit.

216 2330 343 2391 Illorum
368 2331 591 2392 enimlocorum
615 2331 704 2410 longe
718 2331 780 2391 alia
803 2339 848 2392 est
870 2330 947 2392 ratio
970 2338 1061 2408 etque
1081 2347 1192 2400 eorum,

110 2451 167 2529 qni
191 2451 415 2528 praeclarorum
440 2453 571 2515 virorum
593 2473 704 2531 genera
728 2459 893 2532 exponunt,
919 2449 1028 2530 quibus
1057 2449 1087 2510 in
1119 2448 1192 2508 iocis

109 2570 201 2630 nulla
224 2579 272 2631 est
306 2570 468 2634 diversitas
513 2572 700 2652 Repugnant
732 2580 832 2632 autem
864 2571 941 2631 inter
978 2591 1009 2630 se
1043 2569 1109 2632 VII
1138 2568 1192 2629 74:

110 2673 203 2750 οὗτοι
221 2689 347 2770 [Μυσοὶ]
370 2688 406 2751 δέ
428 2687 488 2752 εἰσι
501 2688 625 2778 ιΛυδῶν
647 2681 781 2752 ἄποικοι
804 2700 834 2753 et
846 2692 862 2751 I
876 2690 954 2752 171:
978 2680 1191 2750 αἰιοόεικνῦσι

110 2807 210 2870 δὲ...
234 2804 306 2889 ἱρὸν
328 2802 476 2891 οἷρχαῑον,
504 2812 564 2872 τοῦ
584 2813 724 2872 Μυσοῖσι
747 2808 806 2892 μὲν
831 2809 883 2871 καὶ
907 2806 1043 2870 Λυδοῖσι
1064 2805 1192 2888 μέτεστι

110 2922 162 3002 (ὃς
182 2925 401 3014 κασιγνήτοισι
415 2928 505 2994 ἐοῦσι
520 2941 604 2994 τοῖσι
623 2930 735 3012 Καρσί·
767 2926 826 2992 τὸν
849 2924 909 3016 γὰρ
921 2921 1034 2991 Λυδὸν
1056 2927 1108 2989 καὶ
1132 2923 1192 2989 τὸν

106 3045 230 3114 Μυσὸν
252 3051 381 3134 λέγουσι
403 3045 483 3114 εἶναι
512 3044 623 3133 Καρὸς
655 3041 842 3130 ἀδελφεούς.
879 3086 918 3096 -
948 3051 1015 3113 VII
1039 3049 1114 3112 150:
1144 3043 1191 3108 ἐλ-

106 3164 218 3234 θόντα
240 3171 275 3234 δὲ
306 3174 427 3236 τοῦτον
456 3172 581 3255 λέγεται
615 3170 736 3238 εἰπεῖν.
753 3221 777 3234 ..
802 3163 889 3254 ἡμεῖς
912 3165 954 3251 [οἱ
981 3167 1114 3254 Πέρσαι]
1138 3189 1191 3230 νο-

105 3292 240 3374 μίζομεν
268 3293 398 3377 Πέρσην
421 3287 512 3368 εἶναι,
535 3287 591 3356 αἰι’
614 3279 653 3355 οὗ
675 3288 765 3376 ἡμεῖς
786 3283 975 3376 γεγόναμεν’,
997 3289 1098 3354 παῖδα
1110 3291 1190 3370 Περ-

107 3412 184 3488 σέας
200 3414 262 3476 τοῦ
281 3410 418 3498 Δανάης,
439 3409 596 3498 γεγονότα
613 3411 649 3476 ἐκ
671 3415 728 3496 τῆς
742 3411 871 3497 Κηφέος
886 3405 1053 3494 θυγατρὸς
1064 3403 1190 3490 Ἀνδρο-

103 3533 217 3618 μέδης.
244 3526 336 3600 οὕτω
361 3529 402 3600 ἂν
433 3523 482 3599 οἷν
511 3533 617 3619 ιῖημεν
645 3526 795 3617 ὑμέτεροι
827 3527 998 3620 [Ἀργείων]
1030 3524 1190 3613 ἀπόγονοι

105 3671 137 3722 et
166 3659 217 3722 VI
241 3661 298 3722 54:
325 3649 464 3732 ιὸςδὲὸ
496 3650 588 3738 παρὰ
611 3656 766 3739 Περσέων
797 3645 893 3738 λόγος
922 3653 1056 3737 λέγεται,
1088 3644 1189 3726 αὐτὸς

104 3771 125 3839 ὁ
152 3772 298 3860 Περσεὺς
312 3773 379 3840 ἐών
399 3768 566 3859 Ἀσσύριος
582 3773 710 3859 ἐγένιτο
725 3766 854 3859 Ἕλλην,
878 3768 947 3837 ἄλλ’
969 3767 1031 3836 oo'x
1054 3767 1084 3833 oi
1108 3772 1188 3850 liep-

18 3869 21 3997 i
105 3889 367 3982 σιόςιιρόγονοι.
392 3934 430 3944 -

20 4011 22 4020 ’
210 4022 437 4083 Conferendum
465 4030 511 4082 cst
533 4041 619 4101 porro
651 4022 717 4082 VII
744 4021 803 4080 149
834 4040 901 4080 curn
934 4017 964 4079 V
990 4016 1039 4090 to,
1062 4015 1112 4074 ubi
1147 4013 1186 4084 id,

583 4128 585 4134 '
983 4121 1002 4182 2
