2774 4434
584 334 623 340 -.
669 298 794 358 25..

150 509 304 589 sequente‘
330 509 418 571 nulla
441 507 503 569 alia
524 529 556 568 re
578 486 758 586 interposita
779 505 944 586 legentium
982 505 1096 565 animis
1123 525 1229 585 propo-

148 639 272 692 nuntnr.

252 749 312 811 Sed
335 749 476 829 quamvis
499 768 610 828 magno
632 745 763 808 Athenis
785 745 919 825 praemio
943 745 1123 812 honoratus,
1157 746 1229 808 civi·

151 880 215 934 tate
238 879 338 932 tamen
364 870 493 950 scriptor
510 868 796 930 Halicarnassensis
819 887 880 928 non
904 867 1034 928 donatus
1058 876 1119 941 est;
1149 867 1230 948 quod
1296 945 1303 954 ᾗ

133 991 251 1056 ‚nescio
273 1011 312 1052 an
335 955 446 1053 causae
468 991 569 1064 fuerit,
592 1010 646 1052 cur
668 1011 748 1052 anno
771 988 835 1050 444
851 988 982 1049 Athenis
1008 987 1119 1048 relictis
1142 1009 1229 1067 cxpe-

147 1110 292 1173 ditionem
315 1111 400 1172 illam
424 1113 473 1175 vel
496 1111 646 1172 coloniam
670 1108 912 1190 panhelleuicam
931 1107 1060 1170 Thurios
1083 1108 1229 1170 deducen-

148 1233 221 1294 dam
245 1242 365 1294 secutus
389 1234 437 1310 sit,
461 1254 520 1312 quo
543 1241 603 1294 tres
624 1231 736 1311 phylae
758 1229 925 1290 incolarum
942 1227 1091 1291 Graeciae
1114 1238 1230 1309 septen-

147 1352 297 1426 trionalis,
320 1361 379 1414 tres
402 1353 514 1433 phylae
536 1352 822 1433 Peloponnesiacae,
846 1358 990 1430 quattuor·
1010 1350 1123 1431 phylae
1145 1349 1230 1412 Joni·

148 1493 203 1536 cac
224 1494 255 1534 se
280 1473 480 1550 contulerunt,
510 1482 545 1534 ut
576 1455 618 1533 ibi
641 1473 698 1533 sub
725 1472 828 1551 aequis
859 1470 1086 1532 condicionibus
1107 1471 1230 1533 civitate

147 1602 311 1655 uterentur.
344 1594 443 1656 Locos
466 1595 629 1656 nonnullos
652 1595 683 1653 in
707 1593 857 1673 prioribus
874 1593 1067 1653 historiarum
1078 1591 1230 1653 Herodoti

145 1713 233 1774 libris
256 1713 393 1788 inveniri,
418 1715 497 1775 unde
517 1714 657 1794 colligere
676 1713 755 1788 licet,
777 1713 897 1775 eosdem
921 1712 1052 1800 Thuriis,
1076 1713 1138 1773 he.
1162 1723 1233 1792 post

147 1856 261 1896 annum
285 1833 351 1897 444
383 1837 569 1916 conscriptos
595 1857 669 1912 esse,
706 1837 766 1898 iam
801 1856 893 1915 supra
920 1836 1229 1898 commemoravimus.

154 1957 276 2018 Thuriis
288 1979 418 2039 quoque
441 1957 580 2039 scriptori
610 1957 773 2037 plurimum
802 1957 896 2019 otium
918 1957 1015 2018 fuisse
1037 1957 1166 2032 videtur,
1197 1967 1232 2018 ut

152 2080 290 2160 singulas
305 2081 501 2142 historiarum
524 2089 634 2160 partes,
654 2081 707 2156 eis,
726 2100 805 2160 quae
828 2080 859 2140 in
876 2079 1035 2140 itineribus
1059 2080 1228 2159 eollegerat,

152 2201 329 2280 diligentius
352 2211 382 2264 et
404 2202 579 2284 dispositius
603 2201 788 2282 consignatis
811 2211 988 2262 retractaret
1018 2201 1116 2282 adque
1136 2222 1228 2262 unum

75 2293 79 2300 Ι
146 2341 259 2401 corpus
283 2320 515 2403 coniungerer).
560 2323 632 2400 Qua
666 2323 696 2381 in
730 2343 762 2384 re
791 2323 899 2383 mirum
930 2320 1026 2383 videri
1049 2330 1156 2401 potest,
1178 2343 1231 2382 cur

154 2463 215 2502 non
238 2443 428 2504 narrationes
452 2443 522 2536 illas
546 2443 769 2523 Cyrenaeorum
792 2442 839 2504 IV
866 2441 927 2502 154
949 2463 1012 2522 sqq.
1042 2442 1232 2504 coniunxerit

150 2587 217 2627 cum
244 2566 295 2640 eis,
318 2587 397 2646 quac
419 2566 453 2627 ΙΙ
479 2565 536 2626 181
568 2566 604 2626 de
627 2565 789 2646 Cyrenaeis
812 2573 1092 2626 commemorantur.
1138 2567 1229 2643 Quod

149 2697 204 2750 aut
229 2669 454 2768 ita⁵explanari
474 2696 581 2768 potest,
605 2696 639 2748 ut
656 2687 803 2762 dicamus,
828 2687 1021 2749 Herodotum
1051 2688 1111 2748 iam
1140 2699 1229 2752 antea

146 2808 230 2890 (post
255 2811 367 2871 annum
389 2806 468 2891 455)
492 2810 521 2870 in
546 2810 688 2889 Aegypto
712 2818 880 2883 versatum,
912 2817 1073 2888 postquam
1099 2831 1178 2890 quae
1193 2811 1230 2871 de

145 2929 309 3008 Cyrenaeis
330 2929 479 3010 rebusque
504 2928 628 3008 Libycis
650 2929 801 3008 cognovit,
825 2930 855 2989 in
880 2928 957 2990 libro
981 2930 1041 3006 IV,
1066 2953 1125 3010 quo
1148 2953 1229 2992 nunc

145 3051 270 3125 utimur,
305 3050 472 3131 descripsit,
510 3052 588 3112 inter
621 3071 736 3112 annum
758 3050 824 3111 444
849 3061 879 3113 et
901 3051 975 3129 432,
1013 3073 1072 3132 quo
1096 3062 1229 3132 ternpore

145 3179 267 3234 constat
289 3192 356 3232 eum
380 3171 511 3234 Athenis
531 3142 637 3249 inisse,
672 3172 781 3235 iterum
804 3173 836 3232 in
859 3171 1033 3252 Aegyptum
1056 3165 1225 3252 profectum

145 3311 211 3351 esse
232 3311 370 3370 quaeque
393 3292 515 3352 omnino
548 3292 586 3354 de
615 3292 674 3353 hac
701 3301 780 3354 terra
804 3300 972 3353 memoratu
995 3292 1090 3371 digna
1107 3293 1228 3355 invene·
1258 3317 1262 3322 ·

149 3410 198 3483 rit,
221 3411 252 3469 in
277 3410 354 3471 libro
378 3410 507 3473 secundo
536 3411 758 3492 conscripsisse.
804 3411 910 3472 Facile
932 3393 1010 3473 enim
1034 3411 1097 3473 fieri
1119 3414 1228 3491 potuit,

145 3538 184 3591 ut
204 3529 383 3592 Herodotus
406 3530 528 3592 Thuriis
552 3532 690 3594 Africam
715 3532 762 3594 vel
785 3533 958 3613 Aegyptum
987 3541 1018 3594 et
1040 3532 1110 3593 inde
1133 3533 1227 3594 Athe·

144 3689 203 3730 nas
226 3677 350 3750 peteret.
396 3669 449 3730 Sin
484 3679 584 3732 autem
620 3671 793 3750 scriptorem
823 3671 892 3752 quis
915 3672 1023 3734 iterum
1048 3692 1083 3733 ac
1106 3673 1226 3754 saepius

249 3891 271 3976 1)
294 3895 404 3956 Nescio
427 3916 464 3955 an
482 3895 538 3956 hoc
551 3895 644 3956 Plinii
673 3894 766 3957 verba
788 3896 831 3976 (h.
851 3917 879 3956 n.
900 3895 968 3955 XII
982 3893 1033 3974 18)
1057 3899 1224 3971 ,historiam

141 4001 228 4044 suam
253 3981 431 4044 condidit
451 3982 583 4044 Thuriis‘
605 3981 773 4064 significare
797 3982 962 4046 videantur.
